1822 3187
190 120 275 162 298

238 221 338 252 cendi.
360 223 413 256 34,
430 222 481 251 20.
511 220 635 260 ,iustitia
649 223 715 260 ejus
730 227 761 251 et
775 220 902 260 aequitas

236 267 266 295 in
282 264 497 294 describendis
507 264 641 299 tributis,
657 270 688 294 et
701 265 858 303 frugalitas
872 264 902 293 in

233 308 355 348 privata
378 319 409 338 re
426 317 480 337 sua
494 307 672 337 domestica.
691 310 765 342 690,
784 311 812 336 1.
849 317 903 336 ex-

237 352 466 390 sularejussuS,
489 351 731 380 commorabatur
746 351 776 380 in
793 350 905 387 AEgina

234 395 450 430 insula,donec
463 394 601 434 apopulo
613 398 817 424 revocaretur.
830 395 905 430 802,

240 440 292 468 16.

194 481 360 516 Aristides,
377 480 414 509 (le
432 479 510 509 tribu
528 480 669 514 OEneide,
685 479 741 508 suit
757 479 841 509 chori
859 479 905 509 sui

237 524 428 564 coryphaeus,
454 524 592 561 quamvis
608 523 710 561 capite
726 523 834 552 suisset
850 523 905 552 mi·

238 572 339 598 nutus.
356 569 430 602 533,
448 570 498 596 21.

195 610 370 642 Aristoclea
385 608 542 639 meretrix.
558 609 714 643 15351‚15.

196 654 367 685 Aristocles
385 652 619 691 Myrrhinusius,
641 657 703 681 tum
720 655 784 682 erat
797 652 907 691 prohe-

238 699 322 731 drus,
345 701 375 725 et
399 695 574 725 concionem
591 696 730 725 mittebat
754 695 781 724 in
799 695 908 725 suffra-

240 741 301 781 gia,
325 750 392 769 cum
406 739 595 768 Timocrates
612 739 709 778 legem
726 739 764 768 de
778 739 907 768 vadibus

241 783 389 814 sistendis
402 788 431 811 et
444 782 640 820 acceptandis
656 783 757 812 ferret.
769 783 847 816 723,
859 785 908 812 11.

198 827 367 858 Aristocles
396 825 532 861 OEensis,
563 826 600 855 ab
627 826 775 864 Apaturio
796 826 910 854 arbiter

241 871 391 900 detectus.
408 870 483 903 897,
500 871 530 897 4.

198 913 370 946 Aristocles
387 910 586 945 Paeaniensis,
606 910 802 946 trierarchus,
817 916 910 940 testa-

240 963 290 986 tur
307 954 507 984 Demostheni
525 954 674 983 adversus
687 954 825 983 Midiam.
835 955 911 989 568,

201 1043 410 1073 Aristocrates
436 1043 470 1069 ut
490 1041 580 1069 homo
604 1039 775 1070 dissolutus
798 1045 829 1070 et
844 1051 914 1081 per-

245 1086 330 1115 ditus
343 1089 474 1114 notatur.
490 1086 565 1118 992,
581 1085 634 1115 25.

204 1128 423 1162 Aristocrates,
437 1128 524 1156 homo
538 1125 608 1155 vilis
626 1131 654 1155 et
666 1126 837 1165 improbus,
854 1127 913 1156 Co-

245 1171 333 1202 nonis
357 1170 481 1200 sodalis.
509 1172 605 1205 1969,
622 1172 652 1199 6.
683 1170 736 1199 ubi
751 1181 818 1199 euni
840 1181 914 1199 ocu-

244 1215 345 1245 lorum
364 1213 439 1243 vitio
453 1213 495 1242 ait
509 1213 678 1242 laborasse.

203 1258 421 1292 AristocrateS,
437 1255 563 1295 copiosa
579 1261 608 1285 et
622 1256 690 1285 forti
708 1256 844 1286 oratione
859 1255 915 1285 im-

247 1306 410 1342 pugnatus.
427 1310 486 1339 qua
511 1299 581 1329 latae
606 1300 756 1329 adversus
781 1304 916 1329 tenorem

245 1345 324 1384 juris
342 1343 438 1373 Attici
455 1343 622 1382 rogationis
640 1343 671 1371 in
689 1353 725 1372 eo
740 1347 916 1378 accusatur,

249 1388 332 1427 quod
346 1387 541 1421 Charidemo,
552 1386 665 1416 homini
682 1386 854 1425 peregrino,
872 1386 915 1415 ci-

249 1431 283 1460 vi
298 1430 426 1465 factitio,
437 1430 514 1468 reip.
529 1429 640 1459 infesto
653 1429 919 1464 etdetrimentoso,

249 1473 440 1512 tyrannidem
456 1473 623 1507 affectanti,
639 1473 747 1502 nimios
767 1479 797 1502 et
824 1472 918 1512 pesti-

251 1518 332 1548 feros
348 1517 479 1546 honores
493 1515 696 1545 decrevisset.
717 1519 792 1551 621,
809 1527 854 1555 sq.

210 1561 415 1591 Aristocrates
435 1559 617 1589 Phalereus.
642 1561 737 1596 1:353,
759 1562 809 1589 ⁶27.
838 1558 920 1589 Fieri

252 1607 366 1645 potest,
388 1607 422 1633 ut
444 1603 475 1632 hi
499 1606 628 1641 quatuor
643 1603 736 1638 tituli,
753 1608 803 1632 aut
820 1603 920 1632 saltim

250 1652 315 1677 tres
339 1646 468 1685 priores,
493 1647 623 1676 eundem
657 1646 807 1676 homiuem
833 1645 916 1676 desi-

255 1694 360 1729 gnent.

212 1733 429 1768 Aristocrates,
446 1732 567 1767 Skellii,
583 1732 774 1771 Epicharetis
792 1732 854 1768 avi,
869 1742 923 1771 pa-

255 1781 352 1811 truus,
369 1776 535 1806 evertenda
549 1776 709 1811 Eetionea‚
735 1786 794 1815 qua
818 1775 923 1805 Critiae

257 1820 407 1849 satellites
461 1819 708 1848 Lacedaemonios
766 1819 924 1858 recepturi

258 1867 355 1897 eraut,
381 1872 480 1891 arcem
501 1862 624 1897 Piraeei,
647 1862 715 1891 urbi
732 1862 841 1891 vicinae
870 1873 925 1890 no-

258 1905 483 1940 xiam,delevit,
493 1909 524 1934 et
537 1905 681 1944 populum
690 1906 925 1939 reduxit.1343‚

259 1951 291 1979 4.
328 1949 442 1977 Verum
462 1948 614 1977 memoriae
628 1959 728 1978 errore
744 1948 863 1988 lapsum
877 1948 926 1977 hic

263 2002 332 2021 esse
358 1991 607 2027 Demosthenem,
635 1991 760 2030 triginta
790 1991 926 2030 tyrannis

261 2046 298 2065 ea
313 2035 510 2070 tribuentem,
527 2044 593 2072 quae
616 2036 673 2064 sub
696 2034 928 2073 quadringentis

263 2078 450 2112 evenissent,
472 2078 578 2107 docuit
601 2077 744 2107 Valesius
769 2079 929 2108 Emendat.

263 2124 296 2157 4,
310 2123 342 2151 7.

222 2164 450 2198 Aristodemus,
474 2162 595 2198 histrio,
624 2164 774 2201 proditor.
800 2166 873 2198 150,
899 2166 930 2193 7.

264 2207 382 2247 primas
397 2212 504 2235 auctor
515 2206 752 2236 Atheniensibus
768 2207 826 2237 fuit
845 2207 932 2246 pacis

265 2260 335 2280 cum
344 2249 486 2288 Philippo
498 2250 722 2280 contrahendae.
733 2252 808 2286 232,
817 2253 845 2280 8.
861 2253 934 2285 344,

268 2296 321 2324 21.
345 2295 421 2327 371,
438 2293 490 2322 15.
516 2292 627 2321 deinde
649 2294 853 2332 peragendum
879 2294 934 2322 hoc

269 2335 425 2375 negotium
443 2335 610 2365 Philocrati
634 2342 666 2366 et
680 2336 819 2366 AEschini
838 2336 934 2366 tradi-

268 2380 326 2409 dit.
342 2381 418 2412 371,
431 2381 480 2407 17.
498 2378 606 2408 histrio
619 2379 675 2408 fuit
692 2380 836 2418 tragicus
861 2382 936 2415 418,

271 2424 302 2453 8.
328 2422 419 2451 rebus
436 2421 573 2460 Philippi
598 2422 637 2451 ad
658 2423 768 2451 incitas
792 2423 937 2458 redactis,

271 2467 309 2496 ab
341 2465 398 2494 hoc
427 2464 582 2495 immissus
610 2470 657 2494 est
690 2466 938 2501 Atheniensibus,

271 2518 350 2547 quos
365 2507 536 2536 hortaretur
551 2508 586 2536 ad
605 2518 720 2547 pacem.
736 2510 810 2542 442,
827 2509 883 2538 ult.

231 2551 457 2584 Aristodemus,
474 2550 553 2580 lilius
569 2551 758 2586 Aristotelis,
782 2551 939 2580 Pallenen-

275 2595 327 2630 sis,
344 2597 432 2634 pater
448 2592 542 2627 itlius,
566 2594 617 2632 qui
644 2604 766 2623 causam
790 2594 939 2623 adversus

276 2637 494 2666 Leucharetem
515 2637 589 2675 egit.
608 2639 701 2673 1080,
715 2647 760 2675 sq.
779 2638 874 2670 1083,
889 2639 938 2665 20.

233 2680 447 2718 Aristogenes‚
464 2679 629 2718 aliquoties
644 2686 895 2710 commemoratus
911 2679 940 2708 in

276 2733 368 2752 causa
382 2722 518 2761 Spudiae.
536 2724 630 2759 1030,
649 2725 677 2753 8.
694 2725 790 2757 1031,
803 2725 834 2753 3.
846 2724 942 2757 1033,

279 2768 330 2796 13.
344 2767 440 2799 1034,
456 2767 486 2794 4.
503 2770 533 2794 et
549 2768 599 2796 21.

237 2808 454 2848 Aristogitonis
467 2812 498 2837 et
517 2808 681 2838 Harmodii
696 2807 813 2848 posteri
836 2808 942 2838 immu-

278 2860 333 2880 nes
348 2855 433 2880 eraut
452 2860 469 2880 a
491 2852 684 2889 quibusdam,
707 2862 766 2881 non
789 2852 827 2881 ab
849 2849 945 2881 omni-

279 2893 351 2930 bus,
367 2893 542 2924 muneribus
558 2895 595 2924 ad
612 2900 722 2924 statum
733 2895 840 2935 patriae
857 2900 945 2924 tuen-

279 2936 352 2967 dum
368 2935 564 2969 facientibus.
578 2939 654 2975 462,
672 2940 724 2969 19.

627 116 820 159 INDEX
858 115 1223 158 HISTORICUS

937 220 1139 259 Aristogiton,
1150 225 1252 250 orator
1262 225 1292 250 et
1307 221 1505 260 sycophanta,
1514 220 1545 252 in
1555 231 1645 261 quem

979 264 1164 294 invehuntur
1187 263 1256 293 duae
1282 264 1448 300 orationes,
1475 274 1550 303 quas
1580 258 1659 294 De-‘

980 306 1145 337 mosthenis
1167 317 1236 336 esse
1263 312 1333 336 sunt
1356 307 1408 346 qni
1425 312 1546 346 negent.
1569 309 1646 342 770,

982 362 1029 390 sq.
1063 349 1169 379 novies
1204 350 1440 380 Demosthenem
1477 350 1647 380 accusavit.

980 396 1056 429 781,
1072 396 1101 423 6.
1119 393 1325 432 quinquennio
1341 399 1406 423 toto
1422 404 1439 423 a
1453 393 1521 422 foro
1539 393 1648 429 abfuit,

982 447 1021 466 ex
1046 437 1220 466 interdicto.
1247 438 1323 470 783,
1349 439 1379 466 2.
1424 440 1542 476 patrem
1566 436 1648 474 apud

982 480 1134 510 Eretriam
1153 480 1182 509 in
1200 490 1323 509 carcere
1337 481 1542 509 tabescentem
1559 479 1652 508 dese-

982 523 1062 552 ruit:
1088 523 1118 552 in
1136 533 1195 561 quo
1208 523 1261 552 illu
1277 523 1434 557 defuncto,
1448 523 1546 551 factos
1562 521 1649 550 insu-

983 576 1039 596 nus
1056 571 1172 596 sumtus
1188 567 1266 595 haud
1285 567 1407 596 refudit.
1423 567 1497 601 787,
1515 566 1546 594 3.
1581 564 1652 604 Hy-

983 609 1121 648 peridem
1139 610 1177 638 de
1194 610 1323 648 quadam
1345 611 1412 648 ejus
1426 608 1585 647 rogatione
1600 618 1652 637 ac-

985 652 1114 682 cusavit.
1132 654 1206 688 803,
1223 655 1274 682 27.
1291 653 1405 682 carceri
1423 652 1581 681 mandatus
1596 654 1656 680 est.

987 698 1081 730 1478,
1113 698 1163 726 19.
1214 697 1347 734 graviter
1374 694 1597 725 Demosthenes
1620 704 1651 732 p.

986 741 1083 773 1483,
1102 741 1153 768 26.
1170 743 1201 768 et
1217 741 1312 774 1485,
1329 743 1358 771 5.
1383 738 1586 768 Athenienses
1600 737 1654 766 ob-

981 784 1096 821 jurgat,
1119 782 1184 821 qni,
1206 792 1332 820 quorum
1359 781 1477 810 veniam
1501 779 1655 819 Aristogi-

987 825 1062 860 toni,
1079 825 1192 854 hotnini
1218 826 1348 864 impuro,
1375 825 1547 859 dedissent,
1572 823 1655 852 eain

988 878 1032 903 se,
1072 868 1288 902 Demosthene,
1315 867 1427 898 exsilio
1455 866 1656 907 punivissent‚

989 910 1144 949 sortisque
1178 921 1240 940 suae
1276 910 1450 948 ingemiscit
1483 908 1658 944 acerbitati,

989 964 1056 992 quae
1074 964 1106 982 se
1123 954 1160 983 ad
1179 958 1290 983 tantam
1307 952 1489 983 detrusisset
1500 953 1653 982 humilita-

989 1001 1063 1032 tem,
1087 1002 1119 1026 ut
1137 1007 1204 1026 cum
1230 997 1440 1036 Aristogitone
1465 1005 1658 1034 comparare·

989 1045 1048 1070 tur.
1073 1041 1212 1070 Necesse
1229 1046 1287 1075 est,
1304 1045 1336 1070 ut
1351 1040 1416 1069 haec
1438 1037 1660 1078 Aristogitonis

990 1083 1156 1119 absolutio,
1170 1084 1199 1112 in
1214 1094 1305 1113 causa
1323 1082 1522 1122 pecuniarum
1540 1083 1660 1121 Harpa-

991 1127 1130 1162 licarum,
1156 1127 1249 1165 paulo
1274 1131 1344 1157 ante
1365 1125 1559 1165 praecesserit
1576 1124 1660 1154 exsi-

990 1170 1064 1200 lium
1091 1171 1320 1205 Demosthenis,
1343 1170 1513 1209 imperante
1530 1167 1660 1207 Antipa-

991 1219 1050 1243 tro.
1095 1214 1185 1243 Pater
1202 1213 1419 1252 Aristogitonis
1433 1212 1492 1241 fuit
1508 1211 1663 1251 Cydnma-

991 1257 1077 1286 chus.
1091 1267 1121 1286 v.
1135 1256 1280 1286 Dinarch.
1302 1267 1333 1295 p.
1352 1257 1427 1290 106,
1440 1257 1471 1285 6.
1487 1255 1534 1284 ed.
1551 1254 1660 1294 Steph.

950 1300 1123 1330 Aristolaus
1145 1301 1224 1339 apud
1242 1301 1388 1334 Thasum,
1414 1300 1484 1328 fort.
1513 1302 1661 1336 tyrannus

993 1344 1113 1378 insulae,
1146 1343 1376 1373 Atheniensium
1403 1341 1557 1371 inimicus.
1588 1342 1666 1376 ⁰294,

996 1390 1047 1416 10.

953 1429 1168 1460 Aristolochus
1197 1428 1360 1468 trapezita,
1385 1428 1482 1457 donec
1503 1427 1596 1456 rebus
1615 1436 1664 1457 se-

995 1473 1105 1502 cundis
1122 1474 1257 1507 floreret,
1281 1482 1297 1501 a
1320 1472 1473 1510 Stephano
1498 1470 1610 1500 studiis
1635 1473 1668 1499 et

997 1516 1104 1546 officiis
1125 1516 1236 1551 cultus,
1264 1525 1371 1545 rursus
1396 1516 1435 1544 ab
1459 1514 1568 1543 eudem
1593 1523 1664 1542 con·

997 1564 1109 1589 temtus
1132 1563 1221 1598 atque
1244 1559 1392 1598 protritus
1407 1557 1476 1591 fuit,
1493 1557 1583 1586 rebus
1599 1557 1666 1595 ejus

1000 1602 1130 1632 eversis.
1149 1605 1245 1637 11520,
1264 1606 1315 1632 21.

955 1645 1190 1676 Aristomachus
1218 1644 1387 1675 Critodemi
1414 1641 1623 1683 Alopekensis
1650 1652 1668 1672 a

999 1689 1206 1728 Kersoblepte
1238 1694 1269 1717 et
1297 1687 1480 1718 Charidemo
1515 1686 1668 1725 interpres

999 1733 1035 1761 ad
1053 1732 1252 1762 Athenienses
1264 1731 1425 1770 allegatur.
1435 1731 1511 1766 6⁰24,
1526 1730 1580 1759 26.
1592 1729 1669 1764 657,

1001 1777 1030 1805 3.
1051 1777 1147 1811 1333,
1165 1778 1195 1807 9.
1213 1776 1309 1810 1353,
1327 1778 1357 1804 1.

958 1818 1196 1854 Aristomachus,

1003 1864 1098 1896 1367,
1115 1864 1145 1892 5.

959 1906 1169 1935 Aristomenes
1183 1904 1401 1942 Anagyrasius.
1420 1906 1513 1941 1047,
1530 1907 1582 1934 20.

960 1949 1076 1981 Aristo,
1095 1948 1311 1986 Alopekensis,
1335 1948 1372 1976 ab
1397 1947 1608 1987 Aristogitone
1631 1954 1671 1974 ex

1005 1991 1094 2020 titulo
1122 1990 1292 2024 βουλεύσεως
1315 1990 1497 2028 postulatus,
1522 1991 1602 2030 quod
1628 1998 1674 2023 se,

1006 2034 1090 2063 velut
1107 2035 1257 2068 cerarium,
1283 2034 1334 2072 qui
1357 2034 1456 2063 minus
1472 2039 1567 2069 esset,
1582 2041 1673 2062 accu-

1008 2083 1117 2106 sasset.
1135 2079 1210 2111 791,
1224 2079 1275 2106 26.
1300 2077 1422 2106 videtur
1438 2077 1488 2107 hic
1502 2077 1605 2107 Aristo
1622 2080 1674 2104 aut

1006 2120 1233 2155 Thesmotheta,
1262 2125 1314 2149 aut
1344 2126 1471 2150 exactor
1498 2120 1675 2150 debitorum

1008 2163 1072 2192 fisci
1088 2163 1195 2192 fuisse.

967 2207 1080 2241 Ariste»,
1097 2207 1147 2245 qui
1168 2207 1321 2236 Cononem
1338 2207 1499 2236 verberum
1526 2210 1557 2235 et
1571 2204 1676 2234 vulne-

1010 2260 1076 2279 rum
1091 2251 1127 2277 ab
1143 2260 1179 2279 eo
1193 2249 1370 2278 inflictorum
1383 2249 1562 2289 postulavit.
1580 2248 1677 2281 1256,

1013 2303 1058 2331 sq.
1075 2293 1132 2321 fuit
1147 2303 1259 2328 ¹genere
1272 2292 1377 2321 nobili.
1397 2295 1492 2328 1‘270,
1508 2301 1576 2332 peu.

972 2335 1085 2371 Aristo,
1117 2335 1196 2365 filius
1225 2336 1354 2371 Neaerae,
1390 2335 1484 2375 vulgo
1513 2332 1675 2374 quaesituS.

1014 2380 1108 2413 1358,
1124 2381 1156 2408 4.

971 2421 1165 2451 Aristonicus
1190 2419 1393 2450 Phrearrhius
1422 2418 1610 2457 rogationem
1639 2418 1678 2449 de

1013 2464 1179 2494 {tortoribus
1207 2462 1404 2492 Demostheni
1428 2461 1605 2492 deferendis
1621 2461 1679 2491 dn·

1014 2508 1085 2536 dum
1101 2512 1169 2536 ante
1186 2506 1414 2543 Ctesiphontem
1430 2504 1551 2534 tulerat.
1591 2503 1680 2545 cujus

1014 2549 1182 2588 rogationis
1199 2548 1327 2577 formula
1348 2547 1462 2586 legitur
1487 2558 1520 2586 p.
1536 2549 1613 2583 253,
1629 2549 1679 2578 1¹2.

1015 2592 1202 2631 rogationem
1218 2591 1299 2620 ittam
1323 2591 1458 2620 Diondas
1473 2590 1584 2630 aliquis
1598 2590 1682 2619 labe-

1015 2636 1127 2664 factare
1139 2639 1275 2669 conatus,
1293 2643 1384 2663 causa
1401 2634 1525 2663 cecidit.
1537 2635 1612 2668 302,
1628 2632 1681 2663 15.

1017 2677 1187 2708 dictaverat
1201 2677 1282 2706 illam
1307 2677 1472 2707 Aristonici
1494 2677 1683 2717 rogationem

1018 2720 1128 2759 aliquis
1154 2719 1358 2750 Demomeles.
1377 2721 1452 2756 302,
1477 2722 1530 2751 22.
1565 2719 1683 2748 Aristo-

1019 2763 1105 2793 nicus
1121 2763 1170 2793 hic
1186 2762 1308 2792 infamia
1320 2767 1440 2793 notatus
1457 2763 1486 2793 h.
1501 2761 1612 2803 e.jure
1624 2760 1682 2791 fori

1018 2806 1231 2845 frequentandi
1256 2811 1286 2835 et
1310 2805 1458 2836 honorum
1473 2804 1686 2844 petendorum,

1019 2850 1183 2889 colligebat
1199 2848 1367 2888 pecuniam,
1380 2859 1440 2888 quo
1459 2847 1616 2888 pristinam
1635 2845 1684 2875 di-

1020 2892 1165 2932 gnitatem
1176 2896 1382 2931 recuperaret.
1425 2892 1538 2921 Verum
1552 2890 1684 2919 interve-

1021 2936 1123 2965 niente
1137 2935 1233 2965 atrooi
1249 2935 1300 2964 illa
1313 2934 1351 2964 ad
1377 2934 1570 2964 Chaeroneam
1584 2931 1684 2967 clade,

1242 1819 1293 1858 qui
1337 1815 1558 1848 Thesmotheta
1599 1814 1669 1845 fuit.
