1910 3187
538 163 625 205 AD
659 158 1153 205 DEMOSTHENEM.

162 280 238 330 256,
252 282 304 310 10.
326 280 426 309 mezu
441 278 495 309 τὲίν
516 276 686 317 λειτουςγιὲίν
701 276 782 314 Aug.
800 277 831 306 2.

121 327 152 353 et
168 323 212 353 sic
227 323 351 362 legebat
368 323 536 357 Porsonus,
551 326 630 351 teste
645 320 676 349 J.
691 319 803 348 Creed.

165 363 239 401 256,
241 367 302 419 r15'
319 364 403 405 Sewg'
394 377 437 399 ιας
441 364 522 394 —a-‹i‘
531 361 750 396 Ελλάδι-τὼς
762 371 832 391 στε·

120 409 214 448 φάνως
229 406 265 443 οἷς
285 407 495 448 ἐστεφάνωται,
505 397 742 435 Valckenaerius
757 404 832 433 Dia-

121 452 194 482 trib.
211 463 241 492 p.
266 454 340 482 278.
369 456 400 481 et
423 449 534 489 θεωρίας
556 449 732 484 Porsunus,
753 451 833 477 teste

123 496 231 526 eodem
246 495 277 525 J.
290 494 401 524 Creed.

165 539 239 573 256,
254 540 302 567 18.
326 537 378 566 τίον
389 534 431 565 ‘rs’
445 533 502 564 Αθ.
512 543 569 573 pro
588 533 694 566 πάντες
709 532 834 572 egregie

122 581 281 611 Porsonus
297 579 335 609 ad
348 580 451 608 Prom.
469 579 548 608 362.
563 576 612 606 ed.
631 576 807 606 Blomfield.

167 625 242 659 256,
259 625 311 654 26.
332 621 444 651 πάντων
458 619 608 659 μεγίστων
620 619 738 656 ἀγαθῶν
754 630 833 658 ωας-

124 664 211 700 αίτιος
239 664 342 703 γέγονε,
368 664 512 694 Stookius
541 663 590 694 ed.
625 662 718 692 Dubi.
741 664 835 692 1769.

125 709 264 739 Debebat
280 717 314 737 π.
335 709 390 736 τῶν
411 704 572 745 μεγίστων,
587 710 619 735 ut
643 716 675 743 p.
692 707 766 740 275,
786 707 836 734 16.

126 752 188 781 Sed
203 750 316 785 malim,
332 748 377 779 δ’τι
388 753 444 779 τῶν
453 747 615 788 μεγίστων,
632 749 697 778 sine
713 749 837 784 πάντων,

125 795 164 824 de
187 803 247 832 quo
270 803 318 823 me
340 793 412 822 vide
435 793 471 821 ad
488 793 526 823 F.
543 792 619 831 Leg.
642 802 674 832 p.
692 794 769 827 343,
788 794 838 823 19.

126 834 275 875 παραίτιος
305 840 418 871 autem,
447 835 513 865 sive
546 834 667 865 Stookii
699 835 738 864 sit
770 834 837 864 sive

126 878 257 913 R,eiskii
273 880 381 918 probat
410 879 448 908 R.
466 880 501 908 Ρ.
524 877 554 907 in
576 876 784 914 adversariis3
808 882 840 906 et

124 932 198 951 mox
221 920 401 961 ἐψηφίσαντο
425 920 450 950 ἐν
474 921 517 960 τῷ
540 919 639 950 11.-ἒν
655 920 697 959 τῷ
721 921 758 951 ab
774 931 840 950 αντο

126 965 282 1036 absorpta.

169 998 202 1048 [³7
208 1007 225 1048 ]
248 1008 325 1043 257,
340 1007 393 1037 22.
415 1006 494 1037 κατὰ
509 1005 564 1037 τῶν
579 1004 711 1038 Εὐβοέων.
732 1005 840 1036 AEsch.

126 1060 158 1090 p.
174 1052 226 1081 65.
244 1051 375 1089 Infrap.
389 1051 464 1080 306.

169 1095 245 1128 257,
259 1095 311 1125 23.
334 1090 500 1131 Βυζαντίων.
512 1091 596 1121 Infra
610 1101 642 1130 p.
659 1093 733 1122 306.

171 1138 249 1170 258,
264 1138 294 1166 9.
316 1135 456 1169 Κλεωνάς.
478 1135 518 1171 Q.
535 1135 572 1163 de
590 1134 698 1164 histor.
721 1132 842 1163 Deinde

127 1179 183 1212 τὰς
201 1178 307 1211 ἄλλους
322 1177 416 1210 νήσους
431 1182 514 1206 recte
531 1187 564 1206 se
581 1177 681 1207 habet.
700 1176 782 1205 Vide.
796 1186 842 1206 me

129 1221 166 1250 ad
185 1221 339 1250 Herodot.
354 1219 382 1249 Ι.
399 1221 472 1249 193.
497 1219 679 1248 Herodotea
699 1218 796 1257 prima
812 1228 842 1256 p.

128 1265 181 1294 30.
195 1263 320 1294 Jacobs.
336 1261 373 1290 ad
391 1261 505 1291 Athen.
523 1271 553 1299 p.
569 1263 621 1291 22.
639 1260 793 1290 Andocid.
810 1271 842 1299 p.

129 1306 183 1342 17,
198 1307 252 1338 17.
274 1302 403 1343 ἂδελφδν,
432 1303 476 1333 ἔτι
501 1302 529 1333 δὲ
545 1302 573 1333 ἄ.
595 1302 693 1341 ξένους.
717 1303 843 1342 ΑηῐὶρΙι.

129 1358 163 1387 p.
190 1350 266 1383 135,
288 1350 320 1377 4.
351 1349 406 1376 τῶν
429 1346 485 1386 μὲν
509 1346 539 1375 ἄ.
562 1346 661 1385 λέγων.
683 1346 846 1384 Aristoph-

130 1392 201 1421 Pac.
229 1392 306 1421 759.
329 1390 471 1429 Thucyd.
488 1390 568 1419 Vll.
589 1391 622 1419 5.
647 1400 677 1427 p.
699 1391 775 1424 449,
793 1392 845 1420 98.

128 1444 220 1473 quem
231 1434 302 1463 hine
313 1433 428 1472 expedi
439 1434 477 1462 V.
490 1435 540 1462 18.
552 1442 584 1470 p.
595 1433 672 1468 330,
684 1434 736 1462 71.
760 1433 846 1462 Eum«,

131 1477 241 1507 sleium
262 1476 336 1507 OEd.
361 1477 397 1505 T.
419 1477 451 1505 7.
476 1476 515 1505 ad
538 1475 625 1504 Med.
649 1486 680 1514 p.
697 1478 771 1506 132.
793 1475 844 1505 ubi
881 1473 888 1483 ’

131 1520 247 1549 confer.
271 1519 352 1549 Ran.
371 1519 465 1549 1195.
489 1518 599 1557 Lysias
618 1528 649 1557 p.
667 1520 740 1555 176,
760 1521 791 1550 8.
812 1517 846 1548 τὸ

134 1562 209 1592 ἄλλο
223 1559 341 1596 πλῆθος.

177 1602 259 1644 258,
283 1607 335 1635 20.
370 1605 499 1635 Homer.
522 1603 615 1633 Iliad.
638 1610 678 1634 M.
709 1606 781 1635 322.
807 1604 844 1634 ad

130 1657 221 1687 quem
233 1647 334 1677 locum
348 1647 491 1677 Clarkius
503 1657 559 1677 sua
572 1646 745 1686 sublegisse
759 1647 847 1676 vide·

132 1695 182 1720 tur
199 1690 347 1727 Berglero
363 1690 394 1719 in
411 1689 594 1730 Alciphron.
608 1689 636 1720 I.
653 1692 706 1721 25.
728 1700 758 1730 p.
773 1692 847 1720 100.

134 1743 223 1772 quem
240 1733 315 1762 citat
331 1733 486 1762 Porsonus
501 1752 610 1762 .....

175 1777 250 1811 260,
267 1778 296 1805 1..
322 1775 377 1816 [τοὶ
392 1774 610 1815 συμφέςοντα]

173 1821 250 1855 260,
265 1820 315 1848 19.
338 1819 455 1858 γραφεὶς
467 1817 512 1848 τὸν
522 1819 616 1855 ἀγῶνα
628 1816 724 1847 τοῦτον
737 1816 847 1857 [παρα-

131 1860 235 1901 νόμων]
254 1861 355 1890 forsan
367 1861 542 1891 delendum.
567 1861 627 1890 Sed
642 1864 708 1890 utut
725 1861 782 1890 hoo
797 1860 848 1896 sit,

133 1910 234 1939 verte,
245 1915 264 1933 a
280 1903 353 1933 trial
370 1903 426 1933 like
440 1903 489 1933 the
501 1909 626 1942 present.

179 1949 253 1982 260,
269 1949 322 1977 21.
346 1946 436 1976 καίτοι
459 1945 526 1976 πότ’
547 1945 590 1982 ἂν,
607 1945 658 1975 vel
683 1944 781 1975 διδόναι
805 1944 849 1981 ἂν,

134 1989 351 2020 Marklandus.
375 1990 470 2020 Male.
495 1988 593 2018 διδόναι
617 1993 664 2018 est
684 1987 798 2029 offerre,
816 1992 850 2017 ut

134 2031 269 2067 ἐδίδοσαν,
295 2043 325 2073 p.
341 2035 415 2070 261,
432 2034 464 2063 6.
497 2033 551 2061 Me
572 2031 642 2061 vide
661 2032 699 2061 ad
716 2032 741 2060 F
773 2031 849 2070 Leg.

181 2120 255 2153 261,
277 2119 328 2147 16.
353 2117 450 2157 Lege,
466 2120 521 2148 τῶν
545 2119 737 2158 τριηραρχιῶν.
754 2116 794 2154 Q.
812 2127 848 2146 an

138 2169 208 2190 cum
222 2160 444 2200 11155.-άςχων.

138 2246 175 2276 C.
192 2245 274 2275 Mid.
290 2255 322 2283 p.
338 2246 479 2279 565,15.

183 2287 237 2328 [8]
263 2290 338 2323 266,
349 2288 402 2317 23.
429 2286 702 2326 RecteSm-imgeri
720 2287 853 2323 schedae,

137 2332 196 2365 τοῖς
208 2329 240 2360 ἐκ
252 2341 288 2361 π.
299 2341 331 2361 τ.
342 2331 437 2369 φυλῶν
451 2328 710 2369 Gewgoi'c,alteru1n
722 2340 762 2358 ex
775 2330 854 2359 linea

140 2373 298 2413 superiore
322 2377 437 2408 uatum,
453 2373 543 2411 plane
563 2376 595 2401 ut
616 2379 724 2403 Βοσποσ
713 2372 781 2412 ςίχῳ
801 2382 853 2402 su-

140 2427 195 2457 pra
210 2417 328 2455 p.256,
343 2419 393 2445 11.
419 2417 470 2445 ubi
487 2415 618 2455 Βοσπόρῳ
633 2416 681 2445 ed.
699 2416 796 2445 Felic.

182 2462 258 2494 268,
279 2462 312 2490 4.
334 2458 382 2487 vim
404 2458 581 2498 ἐδικηματος
602 2456 752 2491 ουδενός-ψ.
769 2457 855 2488 addit

139 2508 266 2541 Paris
241 2523 260 2540 α
273 2520 341 2539 cum
355 2510 425 2539 aliis
439 2510 632 2549 quibusdam,
645 2509 744 2543 λαβειν
758 2521 853 2550 τιμω-

102 2572 107 2573 ⁷
143 2554 209 2593 ςίοιν,
224 2553 313 2589 male,
330 2563 366 2583 ex
382 2563 413 2591 p.
430 2555 506 2588 319,
524 2555 574 2583 12.

185 2599 260 2632 268,
277 2598 310 2628 9.
331 2594 516 2634 λέγειςᾶδεῖ
539 2601 600 2626 etc.
616 2595 723 2626 AEsch.
747 2606 779 2637 p.
800 2597 855 2632 77,

188 2682 264 2713 268,
278 2682 332 2711 26.
353 2679 476 2711 ’ἔλαττον
499 2679 583 2720 ἐ’χων.
617 2680 707 2719 Lept.
732 2693 762 2721 p.
780 2683 856 2716 479,

146 2725 197 2754 15.
221 2722 298 2759 485,
314 2724 367 2752 16.
390 2723 468 2755 Mid.
484 2725 559 2759 575,
576 2726 625 2754 14.
641 2724 734 2764 (Eur.
745 2725 855 2763 Suppl.

144 2768 222 2797 743.
238 2765 289 2794 ed.
303 2765 398 2796 Gaisf.
404 2764 453 2796 nil
465 2765 604 2803 adrem.)
616 2768 746 2806 c.Spud.
760 2770 858 2802 1035,

147 2812 200 2840 28.
224 2809 321 2844 1036,
342 2810 374 2838 7.
397 2818 424 2838 c.
452 2809 557 2847 steph.
578 2810 606 2840 I.
632 2820 664 2849 p.
681 2812 778 2847 1124,
803 2810 859 2840 ult.

150 2852 241 2882 Pnato
257 2851 341 2889 Rep.
357 2851 382 2880 1.
400 2853 474 2882 343.
491 2853 531 2881 D.
550 2855 579 2883 3.
593 2854 626 2882 ¹7.

194 2896 271 2929 269,
295 2897 348 2924 10.
371 2891 462 2925 ἐπειδὴ
485 2893 581 2925 τοίνυν.
606 2895 669 2925 vid.
700 2896 802 2925 Rhod.
828 2905 861 2934 p.

152 2939 229 2972 199,
245 2938 299 2968 19.

196 2981 273 3015 269,
289 2981 340 3011 16.
373 2977 470 3017 λὸγους
494 2977 571 3014 τίνας
597 2978 729 3018 διατάξει.
754 2980 863 3011 AEsch.

843 2223 851 2233 ι
886 2211 979 2231 ones:

1526 157 1586 198 17Δ

865 285 896 315 p
909 295 1050 352 269,17.
1073 314 1282 356 αὒτόςεῖςηκοος
1293 319 1353 346 eto.
1368 315 1474 346 AEsoh
1492 317 1580 346 cies.

867 361 905 390 ad
922 361 974 390 fin.

910 405 984 438 269,
997 403 1050 433 26.
1075 401 1170 441 Lege,
1181 400 1226 434 τίς
1237 401 1400 441 μετουσία·
1394 425 1401 438 ,
1425 400 1439 431 ἢ
1455 403 1508 431 τῶν
1519 413 1578 432 τοι·

866 446 952 476 affirm
974 446 1017 479 τίς
1034 445 1058 474 δ.
1075 455 1143 474 cum
1162 445 1290 474 Hieron.
1302 445 1413 474 Wolfii
1432 445 1577 475 editione.

867 491 944 520 Cum
965 488 1101 519 lVIorelio
1124 488 1317 517 consentiunt
1333 486 1466 522 A¹dinae‚
1491 491 1522 516 et
1549 494 1582 518 ut

869 533 991 562 videtur
1016 530 1112 562 MSS.
1135 531 1226 561 Solus
1243 531 1415 560 Felicianns
1437 530 1550 560 omittit
1569 530 1584 561 ἢ

868 578 969 605 καλῶν.
993 576 1112 614 Nempe
1124 574 1183 604 hoc
1195 579 1261 604 erat
1277 574 1373 603 schol.
1387 574 1424 603 ad
1441 572 1582 602 τοιούτων.

868 618 882 649 ἢ
898 620 940 658 μὴ
958 623 1023 648 erat
1041 618 1121 647 aliud
1141 618 1238 647 schol.
1250 616 1387 647 iudicans
1402 619 1450 647 τῆν
1467 616 1582 654 διάγνω-

869 673 912 691 σιν
923 672 990 691 esse
1002 662 1080 691 iuter
1091 663 1131 691 τοὶ
1143 662 1223 690 καλοὶ
1236 665 1266 690 et
1281 662 1322 690 τὰ
1333 661 1375 699 μῆ
1390 660 1481 689 καλά.
1505 660 1583 690 For-

870 715 922 734 san
940 704 1025 734 malit
1040 704 1109 743 quis
1125 704 1226 732 omnia
1242 714 1300 733 una
1316 713 1410 741 opera
1424 703 1541 740 delere,
1554 707 1586 733 et

870 749 984 789 legere,
1008 745 1052 780 τίς
1072 746 1226 786 μετουσία,
1247 745 1293 779 τίς
1307 745 1332 775 δ.
1354 746 1506 776 caeterum
1529 748 1587 776 τῶν

872 797 939 821 ante
954 790 1083 822 τοιούτων
1093 790 1234 820 omittunt
1245 799 1352 819 omnes
1365 793 1475 828 praeter
1485 789 1583 820 Wolf.

873 840 904 865 et
920 834 1009 874 Tayl.
1027 834 1106 863 Vide
1122 844 1154 874 p.
1172 835 1248 869 317,
1265 835 1316 864 15.
1333 835 1385 863 20.
1400 834 1477 869 318,
1495 833 1524 862 2.

1466 894 1490 908 vl

917 922 991 954 270,
1008 921 1058 948 10.
1075 915 1189 958 σικλείῳ
1205 916 1351 957 marginis
1368 921 1413 946 est
1427 922 1524 946 κλειω.

920 961 972 1003 [9]
998 963 1070 998 270,
1098 964 1151 992 23.
1182 960 1244 990 ἀντὶ
1280 959 1428 1000 Τξόμητος
1464 958 1592 990 ἐποίησεν

874 1003 1056 1045 Ἀτρόμητον.
1083 1005 1300 1034 Hemsterhus.
1326 1004 1365 1032 ad
1388 1003 1515 1033 Lucian.
1535 1003 1589 1033 Ti-

876 1059 957 1078 mon.
975 1048 1096 1077 XXII.
1110 1057 1142 1085 p.
1159 1049 1231 1077 134.

919 1092 995 1125 272,
1013 1094 1063 1121 14.
1079 1089 1104 1120 ἓν
1114 1089 1169 1129 μὲν
1183 1088 1269 1119 τοίνυν
1280 1089 1364 1118 τοῦτο
1379 1087 1518 1128 [τοιοῦτο]
1537 1099 1589 1118 πο-

876 1133 1014 1172 λίτευμα.
1039 1134 1110 1162 0111.
1127 1133 1234 1161 τοιοῦτο
1250 1135 1278 1162 2.
1292 1142 1363 1161 mss.
1376 1132 1456 1160 Vide
1466 1133 1499 1161 F.
1513 1131 1592 1171 Leg.

877 1186 908 1214 p.
924 1178 999 1206 442.
1021 1174 1183 1214 Aristoph.
1202 1177 1256 1213 Eq.
1272 1172 1308 1207 εἷς
1323 1173 1417 1204 οὑτοσὶ
1433 1174 1550 1206 «πώλης.

922 1220 998 1254 276,
1015 1219 1065 1247 15.
1088 1218 1182 1256 Lege,
1206 1217 1328 1246 collatis
1346 1228 1375 1246 v.
1396 1217 1430 1245 11.
1455 1214 1538 1245 οὐδέν’
1558 1215 1594 1246 ἂν

878 1260 972 1297 ἡγεῖτο
982 1259 1144 1300 πξοο-έχειν.
1156 1270 1202 1289 me
1213 1260 1285 1290 vide
1296 1259 1332 1290 ad
1345 1259 1380 1289 F.
1389 1259 1463 1297 Leg.
1477 1271 1507 1299 p.
1516 1261 1591 1290 342.

923 1305 997 1339 277,
1015 1307 1046 1332 1.
1069 1302 1251 1343 πεοβληθείς.
1276 1303 1428 1332 Herodot.
1446 1302 1474 1332 I.
1491 1305 1542 1334 98.
1561 1313 1590 1342 p.

878 1346 933 1385 50,
945 1348 1085 1376 38—40.

924 1388 999 1429 [10]
1026 1392 1100 1424 277,
1118 1391 1169 1418 12,
1186 1387 1269 1428 [οὐδ’]
1288 1388 1307 1418 ἃ
1322 1388 1364 1418 νῧν
1376 1385 1464 1421 οὗτος.

923 1434 999 1468 278,
1024 1435 1075 1461 10.
1098 1431 1164 1461 τότε
1182 1432 1212 1470 γ’
1226 1430 1365 1471 ἐξαίφνης.
1390 1435 1420 1462 2.
1437 1441 1510 1460 mss.
1528 1429 1591 1460 τότ’

879 1474 922 1514 εξ.
945 1475 1042 1514 Lege,
1056 1475 1099 1505 νῖν
1114 1474 1141 1504 δὲ
1158 1474 1192 1503 τό
1209 1474 1237 1514 γ’
1253 1474 1294 1514 ἐξ.
1319 1474 1452 1514 Vulgata
1465 1475 1594 1504 conflata

1275 1534 1287 1550 Ε

880 1563 982 1589 estex
996 1558 1063 1589 τότε
1080 1563 1111 1588 et
1129 1557 1205 1596 τόγε,
1220 1535 1300 1589 ‘ri-is.
1324 1557 1388 1594 Sic,
1407 1557 1441 1588 τὸ
1463 1556 1520 1599 μὲν
1541 1559 1595 1597 γᾶς

881 1600 1010 1642 ἔξαρχῆς,
1026 1601 1063 1634 F.
1077 1602 1152 1640 Leg.
1168 1603 1242 1637 371,
1255 1605 1308 1633 14.
1323 1602 1384 1641 (sio
1395 1607 1456 1631 tres
1472 1601 1597 1642 primae)

881 1646 1010 1675 Zenoth.
1035 1646 1158 1685 Ρ.885,
1175 1648 1206 1676 8.
1232 1650 1279 1674 ter
1301 1645 1412 1685 (semel
1437 1653 1453 1674 e
1479 1644 1593 1683 MSS.)

882 1688 1031 1718 Leochar.
1057 1690 1154 1722 1083,
1179 1691 1211 1718 4.
1236 1689 1330 1722 1085,
1355 1690 1407 1718 28.
1431 1690 1527 1722 1087,
1547 1691 1598 1718 15.

883 1733 979 1767 1088,
998 1734 1047 1761 12.
1076 1734 1171 1766 1099,
1187 1734 1240 1762 27.
1263 1731 1477 1770 Olympiodor.
1499 1733 1597 1766 1176,

882 1776 934 1804 17.
958 1776 998 1804 τὰ
1021 1773 1154 1814 ἕξαςχῆς,
1179 1774 1321 1804 Nicostr·
1350 1785 1378 1813 p.
1394 1776 1490 1808 1247,
1506 1775 1536 1803 5.
1562 1773 1603 1803 τό

881 1828 913 1855 γε
930 1816 1104 1855 'tragum-lna,
1116 1817 1278 1856 Aristoph.
1295 1817 1391 1855 Vesp.
1405 1819 1478 1848 829.
1491 1816 1523 1846 τδ
1537 1827 1597 1846 πα-

882 1862 1022 1900 ςαχξῆμα
1033 1859 1066 1890 τὸ
1077 1858 1193 1896 αὐτίκα,
1210 1857 1430 1890 Ρτίεοὶοιιζ18.
1447 1870 1479 1899 p.
1498 1863 1593 1895 1210,

927 1947 1003 1980 280,
1014 1948 1065 1976 14.
1089 1946 1167 1976 Duae
1178 1946 1270 1975 fuisse
1282 1946 1423 1977 videntur
1432 1946 1600 1977 lectiones:

882 1995 944 2027 τοῖς
957 1996 986 2021 δὲ
1001 1996 1038 2028 μὶ]
1055 1996 1236 2028 συναιιτὴσασι
1250 1997 1397 2028 πανδημεὶ,

884 2032 944 2064 τοῖς
959 2029 987 2060 δὲ
1000 2029 1172 2070 συμζούλοις
1184 2031 1250 2069 ἡμῖν
1265 2033 1307 2070 μὴ
1323 2032 1473 2072 χρώμενοι,
1489 2030 1596 2072 χξησό-

883 2073 969 2112 mea
986 2072 1062 2114 ἓπιξ.
1078 2073 1251 2113 (χρωμένοις
1264 2085 1318 2113 pro
1333 2074 1468 2113 κειμένοις
1485 2074 1598 2113 Felio.)

928 2118 1071 2152 282,15.
1096 2118 1136 2147 Et
1151 2117 1200 2146 hic
1217 2122 1292 2155 puto
1306 2117 1403 2147 fuisse
1419 2118 1496 2147 duas
1513 2117 1600 2146 lecti-

951 2166 1038 2198 παρό
1043 2166 1100 2192 ὐόἑν
1112 2167 1154 2199 im
1184 2167 1217 2199 ὰς
1231 2166 1276 2198 ἡμ.
1292 2177 1325 2192 συ
1327 2167 1423 2200 ιιιθᾷκας
1435 2178 1477 2193 και
1492 2167 1554 2198 ὅορκ
1558 2177 1598 2200 υ.ς

1023 2201 1200 2240 παραβαίνων
1228 2205 1283 2235 τὰς
1314 2203 1403 2236 κοινὰς
1434 2203 1564 2236 πίστεις.

1405 2262 1442 2276 ‘71⁷ss
1530 2262 1539 2275 h
1566 2265 1600 2269 '-

887 2284 927 2321 Q.
939 2283 1032 2324 igitur
1045 2285 1217 2324 andegawi
1226 2286 1275 2315 τὴν
1290 2285 1398 2325 εἷρηνην,
1415 2258 1599 2326 ωῖιραβαινων

954 2334 1059 2366 ὅρκους,

887 2385 930 2391 —
951 2368 1076 2404 πίστεις,
1093 2368 1165 2398 λύειν
1181 2367 1390 2401 ἐπιβάλλεται.

931 2413 1005 2446 283,
1016 2412 1048 2441 5.
1067 2413 1162 2442 Recte
1178 2411 1398 2450 interpretatur
1416 2412 1454 2441 R.
1469 2422 1525 2441 non
1536 2413 1603 2442 mit·-

888 2459 951 2484 tent
963 2455 1062 2492 copias
1073 2456 1210 2484 adversus
1218 2454 1391 2494 Philippum
1403 2455 1602 2491 Athenienses,

888 2497 960 2526 dum
975 2497 1134 2527 tolerabiles
1153 2499 1222 2532 sint,
1243 2507 1314 2538 quas
1334 2499 1382 2527 ille
1400 2498 1478 2533 velit,
1501 2499 1603 2527 condi-

888 2541 988 2571 tiones.
1013 2540 1077 2577 Qui
1099 2551 1207 2570 sensus
1231 2541 1386 2580 requirere
1414 2541 1538 2570 videtur
1557 2539 1605 2571 ἔπ’

888 2583 970 2613 οὗδενι
985 2601 1038 2614 --.

935 2626 1007 2666 [11]
1024 2629 1170 2662 283,14.
1191 2624 1463 2657 σπουδὴνέποιεεῖσθε
1479 2626 1609 2666 conjicit

890 2669 935 2699 W
940 2670 1040 2698 oifius.

935 2714 1009 2749 285,
1025 2716 1056 2743 2.
1072 2712 1126 2742 ἅνω
1139 2711 1266 2743 καθῆστο
1279 2722 1353 2743 mss.
1365 2715 1399 2742 ut
1411 2713 1485 2743 Eur.
1494 2713 1602 2743 Phoen.

936 2777 1010 2834 285,
1029 2802 1080 2829 11.
1106 2797 1148 2837 [ἓν
1162 2800 1216 2837 γέιξ
1230 2798 1241 2827 ὃ
1255 2797 1340 2838 ungu}
1354 2816 1396 2820 —
1412 2796 1511 2827 δίκαιόν
1526 2797 1604 2828 ἐστιν

894 2841 1046 2880 ἡγεῖσθαι]
1072 2842 1184 2870 Mirum
1210 2841 1240 2870 ni
1266 2841 1331 2870 haec
1361 2847 1432 2871 sunt
1463 2841 1605 2870 delenda.

896 2884 1011 2913 Similis
1027 2883 1234 2922 interpolatio,
1248 2894 1274 2913 c.
1291 2883 1420 2914 Midian.
1446 2894 1476 2922 p.
1488 2886 1563 2919 525,
1575 2887 1605 2915 9.

897 2927 981 2956 τοῦτο
995 2926 1018 2955 δ’
1035 2925 1099 2956 ἐστὶ
1115 2926 1148 2956 τὸ
1163 2928 1214 2960 τῆς
1237 2926 1346 2962 πόλεως
1368 2926 1466 2968 ὄνομα,
1491 2937 1531 2958 ex
1555 2937 1606 2957 su·

898 2969 1072 3009 perioribus
1088 2970 1165 3000 male
1182 2969 1323 3009 repetita.
