1822 3187
212 122 295 165 320

255 233 363 269 dorus,
376 232 520 264 Pasionis
536 233 626 272 filius,
645 235 675 265 in
691 246 758 266 eum
774 235 868 271 dixit,
884 241 916 265 ut

255 275 327 306 illis
347 277 376 306 in
403 277 587 316 Stephanum
611 287 628 307 a
650 290 680 319 p.
705 282 798 313 1101,
822 279 860 308 ad
884 289 914 317 p.

256 320 351 349 1137.
373 319 491 350 decimo
515 320 634 351 demum
652 331 727 350 anno
743 332 760 351 a
776 320 916 351 Pasionis

257 371 384 392 excessu
406 364 459 402 jus
482 363 617 394 civitatis
641 364 770 402 adeptus
794 368 852 399 est,
868 374 914 393 ar-

258 405 366 435 chonte
381 406 562 438 Nicodemo.
577 409 670 442 1132,
684 409 735 439 26.
752 406 915 445 Byzantini

257 457 350 478 naves
366 450 432 488 ejus
448 449 609 489 aliquando
629 450 819 479 attinuerunt.
843 459 916 488 qua-

257 500 325 520 rum
350 491 609 530 expediendnrum
637 493 745 532 gratia,
771 491 915 521 Phormio

256 533 442 573 Stephanum
463 535 547 565 misit
570 536 649 565 illuc.
671 538 764 570 1121,
781 538 811 566 2.
834 535 915 564 idem

258 577 429 615 Stephanus
459 588 580 607 cansam
611 579 804 608 Phormionis
834 578 913 617 apud

257 620 482 650 Chalkedonios
498 621 587 650 dixit.
598 621 672 650 ibid.
698 620 842 651 Phormio
855 621 916 660 pri-

258 663 382 700 vignum
406 664 622 702 Apollodorum
646 664 676 693 in
696 664 814 703 judicio
831 664 916 694 vicit.

260 708 354 735 1101.
394 707 545 746 quomodo
572 711 697 737 matrem
722 707 915 746 Apollodori,

257 749 322 778 heri
336 750 484 788 quondam
499 760 636 786 uxorem,
650 751 679 780 in
692 750 914 780 matrimonium

257 792 392 822 duxerit.
409 795 504 828 1102,
518 796 568 823 10.

217 835 371 870 Phormio,
388 836 540 871 trieraula,
556 846 672 866 servus.
691 838 764 871 270,
780 838 832 866 13.

218 878 366 908 Phrasias.
382 881 478 914 1236,
496 881 545 909 18.

215 921 433 955 Phrasiclides,
450 931 508 960 quo
524 921 664 950 archonte
686 931 746 960 pax
768 930 836 950 cnm
860 921 917 950 La·

259 964 453 993 cedaemoniis
478 962 562 994 coiit.
587 964 681 999 1357,
709 964 759 994 15.
796 963 917 993 circiter

258 1006 310 1036 illo
326 1016 414 1042 anno,
432 1016 492 1046 qno
516 1006 741 1036 Lacedaemonii
765 1006 917 1045 ingentem

258 1049 339 1079 illam
362 1050 400 1079 ad
425 1050 555 1079 Leuctra
577 1049 692 1080 cladem
715 1049 916 1089 accipiebant.

258 1092 382 1123 videtur
396 1092 617 1133 Anaphlystius
629 1092 680 1122 illc
696 1103 762 1123 esse
774 1103 805 1132 p.
821 1095 915 1130 1219,

216 1178 436 1215 Phrasiclides,
453 1180 542 1210 homo
559 1189 595 1209 ne
617 1179 766 1218 ingenuus
782 1178 916 1218 quidem,

258 1222 289 1251 in
304 1222 456 1252 Timothei
479 1222 616 1262 gratiam,
631 1222 754 1253 civitate
777 1223 917 1253 donatur.

261 1268 336 1301 688,
353 1268 384 1296 4.
404 1268 496 1302 1197,
513 1268 544 1296 3.

216 1309 360 1339 Phrastor
375 1308 568 1348 AEgiliensis.
584 1309 680 1345 1362,
698 1311 728 1340 8.
744 1319 789 1347 sq.

215 1351 363 1391 Phrynio,
381 1351 528 1382 Demonis
552 1350 644 1387 filius,
661 1355 692 1381 et
717 1350 915 1381 Democharis

257 1395 362 1431 frater,
404 1395 605 1430 Paeaniensis,
641 1395 793 1429 Neaeram,
827 1404 916 1433 qnam

259 1439 388 1474 amabat,
404 1438 435 1467 in
453 1439 624 1468 libertatem
647 1439 812 1472 asserebat,
827 1442 858 1466 et
872 1436 917 1467 A-

259 1481 366 1511 thenas
389 1482 589 1511 transferebat
607 1480 763 1510 Corintho.
778 1482 871 1516 1355,
886 1483 916 1511 2.

259 1535 305 1563 sq.
328 1523 382 1554 ubi
396 1524 537 1563 pluribus
548 1523 715 1562 flagitiosos
727 1524 793 1562 ejus
804 1533 916 1559 mores,

257 1567 417 1606 foedosque
446 1577 564 1597 amores
595 1571 626 1596 et
653 1576 760 1596 rursus
786 1566 918 1596 discidia

259 1621 328 1641 cum
344 1611 455 1641 Neaera
466 1608 654 1650 exsequitur.

216 1654 373 1693 Phrynon,
387 1653 605 1688 Rhamnusius,
618 1652 670 1692 qui
684 1651 714 1682 in
728 1651 917 1682 concilianda

257 1697 311 1727 illa
325 1708 392 1727 cum
409 1696 554 1737 Philippo
570 1695 652 1736 turpi
664 1700 696 1726 et
709 1695 848 1734 inprimis
865 1706 917 1725 no-

257 1740 311 1771 xia
322 1751 398 1780 pace
407 1751 474 1770 cum
485 1740 657 1770 Philocrate
670 1743 762 1778 atque
771 1738 917 1769 AEschine

259 1784 392 1814 collusit.
407 1785 484 1821 400,
500 1785 552 1815 15.
575 1786 605 1812 et
621 1792 703 1821 saepe
723 1782 917 1820 postmodnm

259 1826 292 1856 in
316 1827 370 1857 illa
384 1827 423 1857 de
438 1827 474 1856 F.
494 1827 531 1857 L.
546 1824 692 1861 oratione,
708 1825 752 1854 uti
774 1829 806 1855 ut
829 1825 917 1855 homo

258 1869 396 1909 impurus
419 1874 509 1909 atque
533 1868 768 1904 consceleratus,
792 1871 823 1897 et
849 1879 919 1908 pro-

258 1913 324 1942 bris
336 1913 476 1943 omnibus
487 1913 606 1942 obsitus
618 1916 750 1947 notatur,
764 1914 797 1940 ut
809 1921 917 1941 nomen

259 1957 326 1995 ejus
339 1967 379 1986 ex
391 1956 470 1987 eoin
483 1953 677 1995 proverbium
689 1953 808 1984 abierit.
827 1965 916 1993 quam

260 1999 391 2039 turpiter
416 2010 448 2029 se
474 1998 594 2029 dederit
616 1997 647 2026 in
669 1997 811 2028 convivio
837 1997 916 2036 apud

260 2042 502 2082 Xenophronem
517 2042 546 2071 in
563 2040 754 2071 Macedonia.
771 2042 846 2077 402,
864 2042 916 2071 26.

259 2096 327 2116 nam
351 2086 410 2115 fuit
432 2086 463 2116 in
489 2084 599 2124 legatis
621 2084 695 2114 illuc
714 2083 826 2113 missis.
841 2086 916 2120 412,

261 2131 311 2160 19.
327 2129 339 2159 ὅ
353 2128 453 2169 magis
468 2128 567 2168 Φρύνων
581 2127 762 2167 appellatur.
776 2126 851 2157 ibid.
865 2129 917 2158 25.

258 2177 422 2212 propterea
436 2172 516 2211 quod
539 2171 632 2200 filium
656 2169 848 2208 impuberem
862 2171 917 2201 foe-

256 2216 304 2245 dae
322 2215 457 2254 Philippi
473 2213 593 2244 libidini
615 2212 831 2252 prostituisset.

214 2258 477 2289 Pisistratidarnm
489 2267 596 2287 nomen
613 2256 775 2286 admodum
790 2266 915 2286 exosum

256 2307 320 2331 erat
335 2300 476 2331 Athenis.
493 2303 566 2336 160,
583 2301 634 2331 15.
650 2301 724 2335 212,
736 2301 787 2330 16.

213 2344 394 2380 Pittalacns,
410 2344 500 2374 homo
523 2344 699 2383 probrosus,
719 2352 779 2381 quo
799 2342 915 2373 Timar-

254 2388 328 2418 chus
345 2387 533 2417 familiariter
548 2388 698 2416 utebalur.
716 2387 792 2421 417,
809 2388 862 2416 21.

212 2431 350 2461 Pitholas
361 2429 536 2471 [Πειθολᾶς],
546 2430 577 2459 id
588 2434 634 2459 est
644 2428 811 2464 Pitholans,
821 2429 915 2458 Thes-

255 2474 347 2509 salus,
370 2473 475 2503 Attica
497 2473 621 2503 civitate
638 2472 779 2507 donatus,
795 2481 854 2511 quo
869 2471 913 2501 in—

253 2517 364 2556 dignus
391 2517 502 2546 honore
528 2516 624 2552 visus,
651 2524 755 2544 rursus
778 2515 913 2554 privatus

254 2566 310 2590 est.
329 2561 422 2595 1376,
436 2561 466 2589 5.

211 2605 336 2642 ptango,
357 2603 483 2632 Mantiae
507 2601 686 2636 concubina,
710 2611 777 2639 quae
801 2599 911 2639 quibus

253 2645 386 2685 strophis
415 2655 482 2675 eum
523 2644 694 2683 deceperit,
718 2647 748 2672 et
785 2648 911 2682 quantas

251 2689 354 2720 clades
385 2688 428 2718 rei
455 2689 520 2727 ejus
548 2687 689 2717 familiari
720 2685 851 2721 dederit,
880 2691 912 2716 et

251 2731 484 2772 quantislitibns
497 2731 657 2770 ipsumque
669 2729 822 2768 filiumque
832 2730 910 2768 ejus,

249 2774 462 2810 Mantitbeum,
494 2784 550 2814 per
577 2773 697 2812 spurios
725 2782 795 2802 snos
821 2773 909 2802 Boeo—

249 2823 312 2848 tum
330 2822 361 2846 et
382 2817 573 2856 Pamphilum
589 2815 720 2851 vexarit,
735 2820 855 2845 constat
871 2825 911 2845 ex

246 2859 384 2891 oratione.
394 2860 424 2889 in
437 2862 578 2890 Boeotum
592 2859 710 2899 gemina
719 2869 736 2888 a
745 2869 777 2898 p.
785 2860 858 2889 994.
871 2858 907 2888 ad

198 2915 420 2979 Plzilaeensium
447 2945 486 2975 de
514 2944 749 2976 Atheniensibus
777 2943 910 2984 insignia

632 125 825 170 INDEX
857 124 1221 168 HISTORICUS

993 234 1112 268 merita,
1130 237 1159 263 et
1171 232 1280 273 quibus
1293 236 1397 262 contra
1410 231 1518 262 officiis
1529 231 1654 262 studiis-

993 287 1051 316 que
1065 277 1267 307 Athenienses
1280 285 1316 305 ea
1331 276 1392 305 sint
1408 274 1561 311 demeriti,
1573 275 1652 304 unde

993 326 1093 349 natum
1115 318 1412 349 Lacedaemoniorum
1437 317 1653 348 interneciuum

993 373 1065 402 erga
1081 363 1267 392 Plataeenses
1283 362 1397 398 odium,
1414 365 1446 391 et
1467 370 1550 391 saeva
1564 360 1654 401 oppi-

994 406 1025 435 di
1055 405 1256 445 oppugnatio,
1278 414 1404 444 eamque
1428 404 1548 434 tandem
1571 403 1652 434 inse-

994 454 1095 478 cutum
1125 448 1326 478 miserrimum
1357 446 1524 483 excidium,
1551 446 1655 476 multis

993 491 1095 521 verbis
1107 496 1301 530 exponuntur
1311 502 1328 521 a
1343 501 1372 530 p.
1385 491 1480 524 1377,
1489 492 1520 520 2.
1532 499 1600 529 sqq.
1615 489 1654 519 ad

992 536 1132 572 p.1381,
1149 537 1200 564 22.

952 577 1101 613 Platonis,
1127 576 1288 607 clarissimi
1316 575 1503 616 philosophi,
1528 584 1656 605 consue·

994 621 1068 650 tudo
1088 621 1232 660 Archytae
1255 619 1418 650 Tarentino
1442 619 1521 649 haud
1546 628 1654 658 parurn

994 663 1110 702 profuit
1126 663 1161 692 ad
1180 662 1318 703 gloriam.
1334 664 1427 698 1-115,
1445 665 1495 694 13.
1512 672 1544 703 p.
1558 663 1654 697 1490,

995 709 1044 736 12.
1069 706 1181 735 dicitur
1205 706 1452 735 Heracleodorus
1475 716 1492 735 e
1516 704 1655 735 Platonis

994 749 1066 778 ludo
1091 749 1204 785 exisse,
1230 749 1281 788 qui
1305 748 1421 788 magnis
1445 748 1488 778 ibi
1511 747 1654 778 laudibus

992 797 1124 821 ornatur.

952 835 1097 864 Plistoris
1109 845 1200 864 causa
1216 835 1381 864 nummaria
1396 845 1464 864 cum
1477 835 1653 864 Pantaeneto

994 882 1025 906 et
1041 877 1174 916 Evergo.
1188 879 1262 912 967,
1278 880 1329 908 21.

951 920 1147 955 Plutarchus,
1166 920 1293 950 Eretriae
1309 920 1339 948 in
1361 920 1477 949 Euboea
1497 924 1653 958 tyrannus,

993 963 1048 992 illa
1062 963 1101 992 de
1118 963 1258 998 factione,
1274 962 1323 992 cui
1339 963 1453 992 auxilia
1474 963 1555 993 mitti
1571 967 1654 994 veta-

995 1006 1046 1035 bat
1062 1006 1296 1036 Demosthenes.
1318 1006 1399 1044 quod
1420 1016 1508 1035 secus
1528 1006 1654 1042 factum,

994 1048 1133 1079 insecuta
1157 1053 1226 1079 sunt
1250 1052 1388 1088 ingentes
1413 1049 1528 1078 clades.
1552 1051 1605 1084 58,
1621 1051 1655 1080 5.

995 1092 1195 1122 Postmodum
1208 1093 1324 1131 ejectus
1340 1096 1388 1121 est
1401 1092 1583 1122 Plutarchus
1596 1091 1655 1122 una

994 1145 1062 1165 cum
1076 1135 1284 1171 mercenariis,
1302 1145 1378 1174 quos
1395 1135 1505 1165 alebat.
1527 1135 1557 1165 id
1570 1136 1653 1174 qnod

995 1179 1143 1208 credibile
1178 1182 1223 1208 est
1255 1178 1405 1213 evenisse,
1438 1183 1490 1207 ant
1523 1183 1655 1208 exeunte

994 1221 1122 1261 Olymp.
1132 1222 1252 1252 CVIII.
1269 1221 1450 1251 autineunte
1461 1221 1553 1252 CIX.
1570 1221 1653 1252 Red-

992 1264 1057 1295 dita
1072 1265 1116 1295 sic
1131 1264 1215 1304 plebi
1230 1266 1400 1304 majestate,
1415 1264 1556 1305 Philippi
1579 1270 1654 1295 tam-

994 1318 1029 1337 en
1045 1308 1175 1338 studiosi
1191 1307 1367 1343 effecerunt,
1383 1312 1416 1338 nt
1429 1309 1468 1338 ab
1479 1318 1516 1338 eo
1531 1308 1653 1345 missus,

994 1361 1063 1381 cum
1100 1350 1183 1381 mille
1214 1351 1418 1386 mercenariis,
1458 1351 1654 1390 Hipponicus

994 1394 1115 1424 Eretria
1130 1393 1330 1433 reciperetur,
1347 1393 1398 1433 qui
1414 1404 1502 1424 arces
1522 1394 1564 1434 τῷ
1587 1406 1654 1436 mg·

993 1436 1066 1477 θμᾳῖ
1109 1437 1267 1477 impositas
1305 1437 1427 1476 dejecit,
1464 1438 1653 1478 Eretriaeqne

993 1479 1180 1519 praesidinm,
1195 1485 1397 1519 tyrannosque
1421 1484 1495 1516 tres,
1519 1481 1654 1520 Hippar-

993 1523 1094 1559 chum,
1118 1523 1384 1559 Automedontem,
1411 1528 1443 1553 et
1464 1523 1654 1555 Clitarchnm

993 1565 1147 1605 imposuit.
1163 1568 1237 1603 125,
1250 1569 1301 1596 24.
1326 1566 1412 1597 Conf.
1427 1566 1604 1607 Wesseling
1615 1567 1654 1598 ad

994 1609 1124 1639 Diodor.
1138 1609 1202 1639 Sic.
1217 1610 1263 1639 ΙΙ.
1279 1621 1310 1650 p.
1328 1611 1402 1640 139.
1426 1609 1548 1650 Ulpian.
1564 1610 1603 1640 ad
1619 1621 1652 1651 p.

993 1654 1068 1683 434.
1085 1657 1116 1682 et
1128 1654 1203 1689 550,
1225 1655 1275 1684 26.
1300 1653 1350 1682 ubi
1371 1653 1502 1683 defectio
1527 1654 1653 1684 Euboeae

992 1697 1030 1726 ab
1044 1695 1289 1731 Atheniensibus,
1301 1707 1319 1725 a
1332 1696 1498 1726 Plutarcho
1513 1697 1652 1733 conflata,

992 1743 1158 1769 enarratur.
1203 1740 1323 1769 Nomen
1349 1741 1429 1778 ejus,
1459 1750 1527 1770 cum
1553 1740 1655 1770 adhuc

992 1782 1132 1822 potentia
1166 1781 1296 1817 floreret,
1329 1782 1558 1813 formidolosum
1588 1787 1653 1813 erat

993 1826 1131 1855 Athenis.
1145 1827 1219 1861 579,
1234 1829 1264 1857 2.
1287 1825 1338 1855 ubi
1355 1826 1470 1856 Midias
1484 1830 1652 1865 protector,

993 1868 1196 1903 consiliarium
1210 1874 1241 1898 et
1256 1873 1435 1907 procurator
1452 1869 1574 1899 dicitur.

951 1912 1151 1942 Polemaestus
1165 1911 1240 1953 (nisi
1256 1912 1360 1951 potius
1377 1911 1558 1942 Ptolemaeus
1575 1911 1651 1953 est).

993 1956 1088 1990 1491,
1104 1954 1158 1984 ult.

950 1998 1110 2034 Polemon,
1134 1997 1262 2037 Hagniae
1287 1996 1376 2034 filius,
1402 1997 1537 2029 OEensis.
1555 2000 1652 2035 1057,

950 2084 1139 2123 Polyaratus,
1155 2083 1380 2124 Cholargensis,
1401 2093 1477 2115 avus
1498 2088 1652 2115 maternus

994 2127 1166 2158 Mantitbei.
1187 2130 1282 2162 1009,
1304 2130 1355 2158 25.
1379 2127 1468 2158 bomo
1494 2127 1594 2164 dives,
1619 2132 1652 2159 et

993 2171 1093 2201 clarus
1107 2170 1243 2201 Athenis,
1263 2171 1358 2205 1015,
1371 2172 1422 2201 26.

951 2214 1109 2253 Polycles,
1139 2215 1227 2252 cujus
1252 2213 1410 2253 iniquitas,
1437 2218 1468 2244 et
1491 2212 1653 2244 insolentia

992 2257 1160 2296 exagitatur
1175 2256 1321 2291 oratione,
1333 2267 1400 2296 quae
1415 2257 1445 2286 in
1455 2267 1531 2287 eum
1547 2257 1622 2297 agit,
1634 2267 1652 2288 a

993 2311 1024 2340 p.
1038 2302 1132 2330 1206.
1148 2300 1186 2330 ad
1204 2310 1233 2338 p.
1252 2301 1348 2330 1227.

951 2343 1092 2383 Polycles
1109 2343 1305 2377 Archontum,
1321 2353 1411 2382 quum
1430 2343 1651 2373 Demosthenes

991 2386 1177 2427 rogationem
1193 2386 1232 2415 de
1249 2386 1388 2425 collegiis
1403 2385 1650 2416 trierarchalibus

990 2430 1091 2460 ferret.
1108 2431 1182 2465 261,
1196 2431 1247 2459 12.
1270 2429 1388 2459 Corsin.
1402 2430 1436 2459 F.
1448 2429 1486 2459 A.
1499 2429 1524 2457 1.
1535 2438 1564 2467 p.
1573 2430 1650 2459 351.

947 2472 1127 2512 Polycrates
1149 2476 1253 2501 auctor
1274 2472 1401 2502 coloniae
1417 2471 1447 2501 in
1462 2471 1651 2502 Cherrhone-

991 2526 1056 2545 sum
1073 2515 1240 2544 mittendae.
1257 2516 1331 2550 163,
1347 2517 1378 2545 6.

947 2558 1138 2598 Polycrates,
1156 2557 1350 2596 Epiphronis‚
1363 2557 1393 2586 in
1407 2557 1515 2596 legatis
1527 2558 1564 2588 ad
1578 2557 1651 2588 Phi-

987 2601 1104 2640 lippum
1120 2601 1199 2639 apud
1216 2600 1354 2630 Elateam
1375 2605 1513 2640 agentem
1536 2600 1651 2631 missis.

988 2646 1061 2680 983,
1075 2646 1106 2673 7.

945 2686 1135 2726 PolycrituS,
1152 2685 1325 2725 Apemanti,
1341 2685 1542 2722 Cothokides,
1558 2686 1589 2716 in
1606 2686 1649 2716 le-

987 2729 1066 2769 gatis
1083 2730 1120 2758 ad
1137 2728 1312 2768 Philippum
1334 2729 1446 2764 missis,
1459 2729 1580 2760 navium
1602 2740 1650 2760 re-

986 2773 1183 2812 petendarum
1200 2782 1284 2810 ergO.
1303 2773 1377 2808 250,
1394 2774 1445 2802 16.

945 2816 1145 2854 Polyeuctns,
1170 2815 1182 2844 ὃ
1205 2813 1366 2849 Gema-wc,
1391 2814 1512 2844 honoris
1532 2824 1617 2854 ergo,
1632 2824 1650 2844 a

988 2858 1195 2889 Demosthene
1212 2858 1394 2897 appellatus,
1414 2856 1471 2887 fuit
1483 2857 1513 2887 in
1528 2857 1650 2897 legatis,

987 2912 1062 2932 anno
1073 2902 1207 2931 secundo
1218 2900 1440 2941 Olymp.clx.
1454 2900 1493 2930 ad
1506 2900 1649 2931 civitates

987 2944 1265 2985 Peloponnesiacas
1279 2943 1390 2974 missis.
1405 2944 1479 2981 129,
1492 2944 1542 2974 18.
