1822 3187
517 159 578 201 IN
612 158 1104 201 DEMOSTHENEM.
1463 162 1548 203 303

144 265 270 305 polaris.
288 268 384 302 1482,
399 268 430 297 5.

103 309 292 339 Chariclides
307 310 429 339 archon.
452 309 526 342 572,
545 310 595 338 13.

102 351 315 388 Charidemus,
332 351 524 381 Ischomachi
542 351 636 385 filius,
652 351 756 383 orbus,
770 350 806 377 ab

144 395 292 434 AEschylo
318 396 478 434 adoptatus
503 398 560 423 est.
605 394 653 423 Ob
679 402 745 421 eum
769 392 806 420 lis

145 437 308 467 Theocrini
320 443 387 467 nata
403 442 448 466 est
462 447 528 465 cum
546 441 631 475 patre
649 435 809 475 Epicharis

148 485 179 510 et
197 481 364 519 Polyeucti.
381 482 474 514 1331,
491 482 542 510 22.

105 523 318 559 Charidemus,
333 524 412 553 iilius
429 522 546 556 Stratii,
564 520 698 550 OEensis.
716 522 810 555 1056,

106 609 317 644 Charidemus,
340 609 503 647 imperator
528 606 639 634 Athen.
668 607 705 635 ad
732 606 809 635 libe-

148 652 274 681 randum
304 651 465 681 obsidione
499 654 631 678 castrum
664 650 810 678 Heraeum

149 704 216 724 cum
234 694 332 723 classe
348 695 453 723 decem
476 692 596 721 navium
619 692 739 722 missus.
757 694 810 727 50,

152 741 182 766 1.
204 748 233 767 v.
249 738 367 767 Corsin.
386 736 422 766 F.
447 736 484 764 A.
507 736 534 764 1.
556 745 586 773 p.
608 736 682 765 350.
701 734 752 774 qui
770 735 811 764 ad

152 790 262 810 annum
292 780 422 818 primum
451 778 574 816 Olymp.
605 780 678 808 108.
708 778 811 806 refert.

149 828 235 862 patet
245 822 340 852 eloco
354 821 582 855 Demosthenis,
596 821 812 849 Charidemum

150 866 273 895 missum
289 875 355 894 esse
372 875 447 894 anno
465 865 526 892 sere
543 869 625 902 post,
641 873 727 902 quam
742 863 814 892 Phi-

149 909 254 948 lippus
265 908 343 937 ittud
357 913 489 937 castrum
501 906 642 935 obsidere
659 906 812 945 coepisset.

151 953 192 980 ob
211 951 424 980 liberalitatem
448 959 519 988 erga
534 959 629 988 remp.
653 954 815 978 coronatus

153 999 202 1024 est
224 1005 336 1023 corona
361 1003 463 1023 aurea.
489 994 562 1026 264,
587 994 638 1022 25.
665 992 738 1027 265,
763 993 814 1022 18.

154 1036 206 1066 ubi
223 1037 336 1066 mentio
353 1037 385 1066 fit
404 1035 610 1074 expeditionis
628 1036 666 1063 ab
687 1045 723 1063 eo
749 1045 816 1064 sus—

153 1084 250 1118 ceptae
261 1081 409 1109 adversus
421 1078 583 1113 Salamina,
595 1078 699 1107 urbem
711 1078 817 1115 Cypri.

154 1133 188 1162 p.
206 1125 301 1161 1482,
320 1126 350 1153 8.
372 1122 523 1160 laudatur,
540 1125 572 1150 ut
590 1121 636 1149 vir
650 1121 817 1160 popularis,

155 1172 187 1195 et
207 1170 279 1195 tunc
300 1165 413 1194 dicitnr
430 1165 529 1194 adhuc
550 1164 580 1192 in
606 1164 688 1193 vivis
712 1174 818 1202 super-

155 1218 236 1238 esse.
279 1209 405 1243 Verum,
430 1213 462 1236 ut
487 1207 535 1236 hic
563 1206 643 1236 idem
674 1217 742 1236 cum
765 1207 818 1236 illo

155 1251 317 1287 suerit‚vix
332 1251 485 1290 patiuntur
495 1256 662 1287 temporum
675 1249 818 1285 rationes,

157 1295 212 1324 sed
237 1304 365 1324 necesse
393 1299 449 1328 est,
475 1299 509 1322 ut
535 1293 596 1321 duo
620 1292 678 1321 sint
704 1293 818 1321 diversi

157 1337 307 1366 homines.
352 1338 431 1367 Nam
448 1335 647 1365 Charidemus
667 1335 818 1364 vetustior

156 1381 187 1410 in
213 1381 265 1410 illa
294 1379 351 1409 fuit
378 1379 542 1417 legatione,
569 1378 753 1416 legationum
782 1379 818 1406 ab

156 1423 268 1453 Athen.
299 1422 336 1451 ad
365 1422 539 1460 Philippum
569 1422 730 1450 missarum
756 1432 819 1449 om-

157 1466 241 1495 nium
267 1466 356 1495 facile
389 1465 497 1502 prima,
530 1475 589 1503 qua
613 1469 820 1503 comparatum

157 1509 214 1538 suit
228 1509 302 1538 illud
319 1508 479 1548 ἀπόῤῥητον,
493 1508 530 1536 de
546 1517 606 1546 quo
622 1517 650 1535 v.
662 1517 692 1545 p.
708 1510 756 1541 19,
769 1509 820 1536 27.

158 1553 198 1581 de
211 1551 387 1591 Amphipoli
403 1552 514 1580 Athen.
527 1550 694 1584 reddenda,
707 1550 730 1578 si
749 1550 820 1578 Phi-

158 1595 276 1634 lippum
301 1595 331 1623 in
358 1594 466 1632 Pydna
492 1593 663 1629 subigenda
687 1592 822 1630 adjuvis-

160 1643 238 1667 sent.
285 1637 376 1666 Patet
399 1637 455 1665 hoc
482 1647 498 1665 e
524 1636 696 1666 testimonio
724 1637 824 1665 Theo-

160 1680 264 1720 pompi
281 1681 361 1718 apud
386 1680 508 1708 Suidam
527 1690 555 1709 v.
575 1677 612 1708 Τι’
630 1677 717 1707 ἔστιν.
765 1679 822 1707 Le-

161 1723 243 1762 gatio
261 1724 324 1753 haec
345 1723 458 1757 evenit,
479 1728 636 1761 antequam
661 1721 822 1760 Philippus

161 1766 330 1796 Potidaeam
341 1772 465 1804 caperet
478 1770 509 1794 et
520 1765 674 1804 Olynthiis
686 1765 821 1793 donaret.

161 1809 252 1839 Conf.
267 1809 371 1838 Vales.
391 1809 429 1838 ad
448 1809 583 1846 Hapocr.
604 1818 635 1846 p.
652 1810 724 1836 107.
749 1808 824 1845 Epi-

163 1853 250 1881 stolae
266 1859 365 1881 autem
386 1851 600 1880 Demosthenis
616 1851 738 1889 scripta*
755 1856 824 1879 sunt

161 1900 235 1934 post
250 1900 375 1924 mortem
395 1894 561 1924 Alexandri
575 1895 620 1923 M.
636 1899 667 1923 et
680 1894 824 1922 Charide-

162 1948 241 1973 mus,
257 1939 343 1974 cujus
363 1937 393 1966 in
415 1937 476 1966 iltis
492 1936 632 1973 epistolis
654 1937 685 1965 tit
700 1937 823 1971 mentio,

163 1981 264 2011 socius
282 1980 478 2010 Demostheni
492 1980 548 2009 fuit
563 1979 677 2009 exsilii.
700 1979 824 2008 Curtius

167 2024 232 2053 ΙΙΙ.
257 2026 286 2054 5.
312 2024 413 2058 tradit,
441 2023 669 2057 Charidemum,
690 2033 728 2051 ex
756 2027 824 2051 octo

165 2066 228 2095 illis
259 2066 438 2099 oratoribus,
468 2076 543 2103 quos
575 2065 751 2094 Alexander
782 2067 824 2094 M.

166 2116 238 2148 post
251 2119 375 2138 eversas
388 2109 510 2137 Thebas
523 2109 561 2137 ad
578 2108 761 2146 supplicium
772 2108 824 2136 de-

167 2153 370 2191 poposcisset,
389 2151 484 2180 sotum
500 2151 668 2185 exsulasse,
686 2154 775 2189 atque
788 2150 824 2179 ad

168 2195 296 2224 Darium
320 2205 422 2233 regem
449 2205 481 2223 se
508 2193 684 2232 recepisse3
709 2203 826 2228 verum,

168 2248 237 2267 cum
266 2236 354 2266 nimis
384 2236 494 2266 acriter
521 2236 682 2275 imperium
708 2235 826 2274 regium

168 2281 379 2313 insectaretur,
401 2284 431 2308 et
454 2279 596 2308 effrenem
619 2280 649 2307 in
674 2278 826 2308 licentiam

167 2323 302 2362 linguam
317 2322 446 2356 laxaret,
457 2332 473 2350 a
484 2322 579 2351 Dario
594 2321 692 2361 capite
702 2322 828 2360 plexum

168 2376 248 2395 esse.
264 2366 410 2395 Schottus
420 2365 497 2393 hunc
512 2365 724 2394 Charidemum
736 2365 829 2393 Athe-

169 2408 307 2437 niensem
321 2418 389 2437 cum
406 2407 504 2443 Orita,
517 2408 555 2436 de
570 2417 630 2447 quo
647 2417 732 2443 mox,
748 2417 829 2436 com-

170 2451 288 2480 miscet.

126 2493 339 2527 Charidemus,
362 2491 459 2528 Orita,
482 2503 521 2522 ex
547 2493 676 2528 Euboea,
705 2491 830 2522 civitate

171 2536 209 2565 ab
231 2536 338 2565 Athen.
359 2536 499 2564 donatus.
544 2536 622 2565 Eum
647 2535 742 2565 oratio
767 2539 831 2564 tota

170 2588 259 2617 paeue
274 2578 304 2607 in
318 2577 533 2608 Aristocratem
548 2577 632 2607 dicta
644 2578 830 2615 insectatur,

173 2621 225 2658 qui
249 2621 454 2650 Aristocrates
475 2621 584 2651 nimios
605 2621 736 2651 honores
760 2620 830 2650 huic

171 2662 354 2693 Charidemo
370 2664 408 2692 ab
423 2664 535 2694 Athen.
558 2664 766 2694 decernendos
781 2673 830 2693 ro-

174 2709 313 2745 gaverat.
357 2706 532 2736 Studiosum
547 2717 616 2736 eum
634 2707 672 2736 P.
688 2708 727 2737 A.
743 2708 831 2735 bene·

173 2758 233 2787 que
243 2749 282 2778 de
299 2757 336 2778 eo
347 2748 483 2778 meritum
493 2759 561 2779 cum
578 2750 831 2787 nonnullijactas-

171 2796 241 2821 sent.
266 2792 344 2820 hunc
363 2791 586 2826 Charidemum,
609 2792 832 2821 Demosthenes

172 2838 281 2863 contra
297 2833 349 2862 illa
370 2833 515 2868 oratione,
533 2837 736 2873 praeterquam
751 2834 831 2873 quod

174 2876 236 2905 alia
250 2876 383 2905 denudat
405 2877 471 2915 ejus
496 2877 581 2912 vitia,
599 2877 629 2905 in
653 2877 757 2917 primis
776 2877 834 2906 hoc

175 2919 286 2949 docere
311 2918 432 2958 satagit,
457 2919 484 2949 si
507 2919 575 2958 quis
602 2929 732 2958 uuquam
759 2919 836 2948 alius

175 2961 291 3002 populo
327 2961 398 2992 Ath.
428 2961 571 2992 iuimicus
599 2961 725 2997 fuisset,
757 2961 836 2993 hunc

885 274 974 293 unum
1000 265 1214 295 Charidemum
1241 266 1268 295 ei
1292 266 1387 297 fuisse
1414 268 1551 297 omnium

885 306 1139 337 inimicissimum.
1162 313 1244 337 tutor
1263 314 1293 338 et
1309 310 1446 344 κηδεστὴς
1469 311 1551 340 Ker-

887 350 1035 388 sobleptae
1060 350 1127 385 fuit,
1148 351 1228 389 regis
1250 351 1397 382 Thraciae.
1422 355 1497 388 663,
1520 354 1552 384 5.

887 394 992 431 Cotys,
1025 393 1238 431 Kersobleptis
1277 398 1375 431 pater,
1406 397 1555 426 Charide-

887 446 979 470 mum,
1003 435 1131 465 militum
1163 437 1416 467 mercenariorum
1444 440 1553 468 ducto-

888 489 964 512 rem,
981 478 1082 508 locare
1106 478 1344 508 conducentibus
1364 481 1469 519 copias
1485 492 1555 510 suas

889 522 1099 551 Cherrhoneso
1117 521 1244 560 expulit.
1268 523 1342 557 663,
1359 533 1431 560 pen.
1457 535 1553 563 expo-

891 564 962 594 sitio
972 565 1009 594 de
1020 565 1177 595 fraudibus
1190 570 1221 594 et
1231 564 1428 600 facinoribus,
1442 567 1553 604 quibus

893 608 1094 637 Charidemus
1118 618 1214 647 remp.
1236 608 1307 637 Ath.
1332 608 1554 639 labefactasset.

891 652 966 685 670,
979 661 1044 689 sqq.

847 693 1009 726 Charinus,
1036 693 1196 733 Epicharis
1227 693 1283 729 fil„
1314 693 1556 723 Leueouoensis.

891 737 964 769 927,
982 738 1034 765 21.

847 778 970 808 Charini
987 778 1117 816 rogatio,
1129 779 1203 808 utin
1217 779 1355 808 fraudem
1368 779 1469 818 legum
1484 779 1556 809 lata.

892 823 989 855 1334,
1012 825 1063 851 11.
1088 821 1202 851 ibidem
1229 833 1321 852 versu
1344 824 1397 852 17.
1421 822 1558 862 proditor

891 864 1075 902 appellatur.

849 907 1056 936 Charisiades.
1074 909 1171 942 1304,
1189 910 1242 937 26.

850 949 1020 984 Charisius,
1046 950 1256 984 Atheniensis,
1286 950 1338 989 qui
1365 960 1498 980 sororem
1526 950 1556 980 in

892 993 1081 1022 matrimonio
1099 993 1213 1023 habuit.
1231 996 1326 1028 1304,
1343 996 1395 1024 26.

851 1036 1020 1071 Charisius,
1038 1036 1144 1071 Eleus,
1159 1038 1246 1075 cujus
1262 1036 1372 1066 liberta
1387 1036 1445 1066 fuit
1461 1037 1554 1066 Nica-

895 1084 970 1108 reta.
988 1080 1084 1114 1351,
1099 1081 1130 1108 4.

851 1121 922 1151 Chii
943 1132 1010 1151 cum
1031 1121 1158 1151 Rhodiis
1175 1126 1205 1151 et
1220 1121 1396 1161 Byzantinis
1413 1122 1442 1151 in
1459 1123 1557 1152 socie-

895 1168 987 1194 tatem
1002 1165 1289 1204 congressi,bellum
1303 1166 1452 1195 adversus
1463 1166 1558 1195 Athe-

895 1208 1017 1237 nienses
1035 1209 1191 1246 gerebant,
1207 1209 1319 1238 sociale
1341 1209 1465 1238 dictum.
1483 1211 1557 1243 191,

896 1254 949 1281 12.

853 1294 950 1323 Chion
973 1292 1029 1322 fuit
1052 1293 1173 1322 Archon
1197 1304 1273 1323 anno
1298 1298 1404 1332 quarto
1430 1294 1558 1333 Olymp.

897 1337 970 1365 103.
988 1342 1020 1365 ut
1036 1336 1143 1365 volunt
1160 1336 1332 1366 Palmerius
1348 1344 1380 1366 et
1400 1337 1556 1371 Schottus,

896 1379 964 1408 freti
988 1379 1058 1408 loco
1074 1389 1105 1417 p.
1120 1381 1194 1413 868,
1211 1382 1262 1409 21.
1285 1380 1336 1409 nbi
1359 1380 1472 1409 dicitur
1496 1380 1559 1409 Ke-

897 1422 1061 1460 phisodoro
1086 1424 1283 1452 successisse.
1308 1433 1410 1452 verum
1432 1422 1475 1451 ibi
1499 1423 1559 1462 leg.

899 1465 1018 1494 videtur
1029 1465 1322 1505 ΚηφισόδωροςΧίωνος,
1334 1466 1458 1495 Chionis
1469 1466 1560 1496 filius.

899 1518 965 1537 nam
980 1518 1011 1547 p.
1029 1510 1102 1543 830,
1119 1510 1150 1537 5.
1176 1510 1398 1538 Demosthenes
1413 1509 1467 1544 ait,
1481 1519 1557 1538 auno

899 1561 915 1579 a
930 1551 986 1580 fine
1003 1551 1104 1580 tutelae
1121 1552 1262 1589 proximo
1281 1562 1313 1580 se
1330 1552 1409 1581 diem
1427 1552 1558 1590 Aptmbo

900 1594 1029 1629 dixisse,
1053 1594 1103 1632 qui
1127 1599 1208 1623 tutor
1231 1595 1278 1623 sui
1302 1605 1356 1633 per
1379 1595 1559 1624 decennium

899 1636 1018 1666 fuisset.
1035 1647 1107 1676 ergo
1129 1638 1300 1666 undecimo.
1321 1637 1405 1676 atqui
1424 1638 1480 1666 sub
1499 1639 1561 1667 Po-

898 1679 999 1718 lyzelo
1018 1682 1080 1717 jam
1096 1680 1202 1709 inierat
1222 1680 1373 1715 decimus,
1392 1680 1443 1720 qui
1466 1681 1561 1719 Poly-

899 1723 983 1752 zelus
998 1722 1248 1761 Kephisodorum
1265 1724 1445 1759 antecessit,
1459 1729 1488 1752 et
1503 1725 1559 1752 snb

900 1766 1083 1799 Timocrate,
1106 1765 1157 1803 qui
1184 1766 1305 1795 Archon
1329 1767 1420 1805 vulgo
1448 1766 1561 1795 Chioni

902 1819 1062 1838 successor
1077 1809 1177 1843 datur,
1198 1810 1354 1838 damnatus
1376 1809 1435 1838 suit
1456 1809 1561 1847 Apho-

903 1853 970 1887 bus,
993 1862 1051 1881 non
1075 1856 1203 1890 possunt
1227 1862 1300 1890 ergo
1321 1853 1382 1882 duo
1403 1852 1561 1882 archontes

901 1895 979 1924 inter
1001 1894 1181 1933 Polyzelum
1199 1901 1230 1924 et.
1243 1895 1445 1924 Timocratem
1465 1894 1561 1925 inter-

901 1937 1042 1967 cessisse.
1069 1939 1162 1967 Porro
1177 1937 1221 1966 ait
1237 1937 1327 1967 Dem.
1353 1937 1496 1967 Onetoris
1514 1949 1562 1967 so-

902 1991 1000 2010 rorem
1020 1981 1149 2018 Aphobo
1174 1980 1326 2018 nupsisse,
1350 1980 1493 2019 Polyzelo
1514 1991 1563 2010 ar-

903 2024 1023 2059 chonte,
1044 2029 1074 2052 et
1100 2033 1193 2062 penes
1220 2033 1287 2052 enm
1314 2025 1343 2053 iu
1370 2023 1561 2052 matrimonio

902 2066 998 2095 fuisse
1019 2066 1182 2101 biennium,
1198 2065 1295 2095 donec
1313 2067 1369 2096 sub
1389 2066 1562 2096 Timocrate

901 2109 1016 2138 deserti
1042 2109 1139 2137 mariti
1161 2119 1210 2138 rea
1234 2108 1419 2138 scriberetur
1434 2120 1464 2148 p.
1487 2111 1561 2144 868,

901 2153 932 2181 3.
960 2152 1028 2182 Jam
1050 2151 1076 2180 si
1100 2152 1278 2190 Polyzelum
1304 2157 1334 2181 et
1357 2152 1560 2181 Timocratem

902 2195 963 2223 duo
990 2194 1149 2224 archontes
1172 2194 1411 2229 intercesserint,
1435 2195 1563 2224 dicenda

903 2237 945 2267 sit
960 2237 1012 2266 illa
1032 2237 1141 2267 mulier
1162 2237 1323 2267 triennium
1344 2248 1440 2277 penes
1459 2238 1562 2276 A'pho-

902 2281 974 2309 bum
989 2280 1095 2309 fuisse.

862 2323 1028 2352 Chionides
1044 2321 1317 2362 Xypetaeonensis.
1333 2324 1427 2357 1356,
1444 2325 1495 2353 13.

863 2365 1065 2404 Chrysippus,
1118 2365 1334 2394 nummularius
1387 2366 1563 2400 soenerator,

906 2408 1083 2437 Phormioni
1114 2408 1262 2437 actionem
1294 2409 1430 2446 pecuniae
1457 2408 1563 2438 dolose

903 2451 1080 2480 interversae
1095 2450 1232 2480 intentat.
1244 2452 1316 2486 907,
1332 2461 1399 2489 sqq.

864 2493 991 2533 Kimon,
1027 2494 1106 2532 quod
1145 2494 1269 2523 formam
1301 2493 1377 2531 reip.
1406 2497 1564 2533 mutasset,

906 2536 1124 2576 quinquaginta
1156 2536 1280 2566 talentis
1310 2536 1473 2566 mulctatus
1506 2542 1566 2572 est,

907 2589 1072 2618 parumque
1094 2579 1202 2614 abfuit,
1218 2579 1290 2618 quin
1312 2579 1422 2618 capitis
1444 2579 1566 2610 damua-

905 2627 999 2651 retur.
1011 2624 1085 2657 688,
1097 2623 1149 2653 25.

865 2665 991 2701 Kineas,
1002 2665 1179 2700 Thessalus,
1194 2662 1341 2702 proditor.
1358 2665 1432 2699 324,
1449 2665 1481 2694 8.

865 2708 983 2742 Kittus,
999 2708 1174 2736 foenerator.
1190 2708 1265 2740 908,
1282 2708 1333 2736 22.

865 2751 1002 2779 Cleauax
1015 2749 1178 2779 Tenedios.
1195 2750 1292 2784 1223,
1308 2749 1362 2778 ult.

867 2793 1028 2827 Cleander,
1040 2792 1159 2822 histrio.
1180 2794 1274 2827 1304,
1290 2793 1320 2821 8.

867 2834 1046 2870 Clearchus,
1063 2835 1241 2873 Spartanus,
1261 2834 1314 2873 qui
1330 2832 1399 2863 cum
1414 2834 1494 2874 Cyro
1514 2845 1568 2865 ex-

911 2877 1101 2916 peditionem
1119 2878 1269 2906 adversus
1285 2876 1504 2914 Artaxerxem,
1522 2889 1571 2908 re-

912 2930 980 2958 gem
998 2920 1170 2955 Persarum,
1185 2919 1332 2958 suscepit.
1344 2921 1420 2956 197,
1434 2923 1487 2951 23.

870 2961 1050 2997 Clearchus,
1065 2971 1083 2992 a
1097 2963 1256 2993 Timotheo
1272 2963 1515 3000 commendatus,
1531 2963 1575 2992 ci-
