1822 3187
565 172 1052 216 DEMOSTHENEAE.

129 282 200 312 niis.
220 282 295 315 531,
314 283 366 312 16.
388 282 442 323 οὺχ
468 282 503 316 ὣς
523 280 666 321 ἔπιτιμοῖιν
690 281 789 311 ταῦτα

130 324 303 365 παρῆνεγκα.
332 326 362 355 111
389 325 520 355 medium
546 324 671 363 protuli.
695 326 789 358 1479,

86 409 278 449 παραφρονεῖν]
301 409 452 450 desipere.
474 408 605 461 ‘salven-aff
625 408 672 437 καὶ
696 417 788 447 παρα-

131 454 228 492 φρονεῖ.
241 455 336 488 1183,
350 456 379 482 2.
396 455 571 493 παραφρονῶν
585 452 621 484 ὣς
634 450 716 484 οὐδεὶς
729 450 788 480 πώ-

131 505 200 525 ποτε
215 496 407 536 παρεφρόνησε,
422 495 529 535 γυναικὶ
551 492 709 533 πειθόμενος
725 492 789 533 πόρ-

130 548 169 579 νῃ.
183 541 344 575 1183‚11.

89 581 348 621 παραφυλάττειν]
378 590 433 619 pro
459 578 593 618 simplici
623 578 789 618 φυλάττειν.

132 623 353 662 παραφυλάξετε
374 633 459 652 τουτο
478 621 509 661 ἐξ
530 621 656 655 ἅπαντος
679 620 790 661 τρόπου.

89 708 330 750 παραχειμάζειν]
361 707 609 748 παραχειμάζοντι
633 705 698 736 ἐκεῖ.
729 705 792 735 bie-

132 752 265 781 memibi
281 751 411 790 degenti.
426 753 499 785 909,
512 753 564 780 14.
582 752 675 783 1292,
688 751 718 778 4.

90 794 284 835 παραχρῆμα]
306 805 338 823 ἐκ
360 805 409 822 ΤΘΗ
429 794 609 834 παρᾱχξῧμᾱι
632 792 727 822 ez‘n‘EW.
749 801 790 821 ex

130 841 277 875 ternpore.
303 838 334 872 9,
357 838 387 866 8.
419 837 599 885 παραχρῆμα
627 837 681 864 τῶν
707 833 793 872 λόγων

132 878 296 918 λεγομένων.
321 879 422 908 statim
447 889 464 908 e
486 879 630 917 vestigio,
654 888 722 907 cum
744 876 792 906 illi

131 932 284 951 sermones
316 922 415 951 adhuc
452 926 633 952 sererentur.
660 922 792 957 81,11.

130 965 240 998 οἱωλῶς
253 964 301 993 καὶ
317 963 414 1004 ὁμοίως
429 976 466 997 οις
481 964 511 993 ἄν
525 975 571 997 τις
589 962 620 993 ἐκ.
635 964 683 992 τοῦ
699 974 792 1003 παρα-

130 1018 234 1048 χρημα
252 1007 332 1037 εἶ’ποι.
349 1009 443 1041 1401,
460 1009 513 1037 20
534 1008 631 1036 πολλοὶ
651 1017 705 1036 των
726 1005 793 1035 δεόν-

131 1061 187 1079 των
209 1049 242 1080 ἐκ
261 1051 309 1079 τοῦ
325 1061 508 1091 παραχρημα
529 1048 602 1083 ἐνίοις
617 1047 774 1078 ἔπελθειν
761 1059 793 1078 αν

132 1091 228 1123 εἶπειν.
248 1095 343 1128 1420,
360 1093 414 1122 ult.
438 1092 452 1124 ἢ
473 1092 549 1127 ὅπως
568 1093 590 1122 οῖ
612 1093 793 1133 παραχρῆμα

133 1134 208 1172 λόγοι
231 1134 276 1175 [in
304 1145 440 1174 praesens
469 1135 658 1165 solummodo
683 1135 793 1173 proba-

135 1178 230 1218 biles]
253 1178 337 1219 χάριν
358 1177 462 1216 ἕξουσι.
478 1179 574 1214 1425,
590 1181 621 1208 4.
644 1176 722 1208 ἕνεκα
744 1178 795 1211 τῆς

133 1223 316 1262 παραχρῆμα
339 1222 457 1262 χάριτος
479 1220 546 1261 πρὸς
568 1221 655 1261 ὑμας.
677 1230 737 1259 quo
762 1219 792 1250 in

134 1273 278 1302 praesens,
291 1264 329 1293 ad
342 1265 435 1293 breve
447 1269 568 1302 tempus
585 1262 712 1302 gratiosi
723 1261 792 1292 sint.

135 1308 229 1342 1449,
245 1309 296 1337 18.
319 1307 378 1340 τοῖς
393 1305 425 1337 ἐκ
445 1307 494 1336 τοῦ
510 1316 699 1346 ωαραχρημοι
714 1317 793 1358 συμ-

132 1346 272 1381 βαίνουσιν
295 1348 381 1389 ὀρθῶς
401 1348 543 1390 χρηεν-θαι.
561 1349 656 1384 1465,
668 1348 724 1378 ult.
748 1348 793 1378 ὅτι

132 1391 216 1425 εὐθὺς
231 1392 422 1433 παραχρῆμα,
439 1391 539 1422 statim
555 1402 571 1421 e
586 1390 732 1430 vestigio,
744 1389 793 1421 ὑπ’

132 1434 225 1464 αὐτῶν
241 1433 494 1475 ἐξελεγχθήσεται.
516 1435 676 1471 1178,14.
698 1433 795 1473 ἔδειξεν

132 1476 235 1512 εὐθέως
248 1488 438 1518 παραχρημα.
453 1479 546 1513 1237,
558 1480 610 1508 21.
632 1475 680 1506 και
695 1488 794 1517 ’παρα-

131 1520 235 1561 χρῆμά
248 1531 292 1558 γε.
313 1521 462 1555 absolute,
477 1521 635 1555 destricte,
652 1519 717 1550 sine
733 1519 795 1549 ulla

130 1564 326 1603 exceptione,
341 1563 391 1593 vel
402 1563 589 1599 remissione,
599 1566 662 1597 aut,
673 1566 706 1593 ut
722 1572 794 1603 pau-

133 1605 179 1635 cis
203 1606 303 1636 omnia
327 1606 522 1645 complectar,
542 1610 574 1636 et
596 1606 728 1636 rotunde
753 1607 794 1635 si·

135 1648 284 1688 gniflcem.
300 1651 354 1686 38,
367 1651 399 1680 2.

89 1692 282 1744 παραχωρεῖν]
299 1693 340 1731 μῆ
355 1693 541 1745 ’παραχωρεῖν
561 1703 612 1725 της
632 1691 779 1731 τάξεως,“
767 1703 795 1722 ην

134 1735 201 1774 ἧμιν
215 1735 237 1764 οἳ
252 1734 372 1774 πρόγονοι
385 1736 546 1766 κατέλιπον.
562 1738 615 1771 38,
629 1737 679 1765 24.
702 1745 793 1784 παρα-

133 1776 233 1818 χωρεῖν
262 1777 358 1817 μηδενὶ
384 1777 496 1815 τούτου,
524 1779 563 1808 de
593 1778 650 1807 hoc
680 1778 792 1808 nemini

134 1820 314 1856 concedere,
344 1821 456 1850 nemini
482 1822 548 1860 ejus
574 1822 691 1851 veniam
720 1821 792 1850 dare

135 1864 311 1903 postulanti,
332 1863 400 1894 scil.
421 1865 471 1894 τοῦ
492 1862 718 1903 στρατεύεσθαι,
741 1874 792 1893 ne·

133 1906 285 1936 cessitatis
315 1906 474 1936 militandi.
501 1909 575 1942 167,
602 1908 651 1936 19.
688 1906 792 1936 δοκεῖτε

133 1950 186 1988 γὰρ
202 1951 255 1979 τῶν
275 1948 356 1989 ἔργων
380 1949 482 1981 τούτοιν
505 1950 699 1990 παραχωρεῖν.
719 1951 793 1984 172,

132 2002 202 2031 pen.
226 1991 295 2023 ὅσων
314 1992 346 2022 ἂν
365 1991 501 2026 βασιλεὺς
522 1991 657 2033 ἐγκρατὴς
680 1991 792 2030 γένηται

132 2035 367 2076 -παραχωρεῖν-
391 2038 464 2072 192,
487 2037 539 2066 19.
576 2036 614 2065 de
644 2035 794 2065 sententia

133 2086 189 2106 sua
210 2078 295 2107 alteri
319 2079 495 2108 concedere.
518 2081 592 2113 212,
611 2080 641 2108 4.
665 2080 715 2112 τῆς
739 2080 794 2108 τῶν

133 2119 266 2149 *Ελληνων
285 2119 435 2161 ἐλευθερίας
457 2121 710 2158 αὐτεπαγγέλτους
731 2119 793 2150 ἐθε-

132 2163 234 2196 λοντιὶς
254 2165 468 2216 παραχωρῆσαι
491 2162 635 2203 Φιλίππῳ.
653 2166 726 2198 247,
741 2166 794 2194 25.

134 2215 164 2234 ου
179 2207 232 2246 γὰρ
252 2204 305 2235 ἐπ’
321 2203 403 2235 εὐνοία
417 2205 445 2244 γ’
455 2205 517 2244 ἐμοὶ
533 2207 686 2247 παρεχώρει
704 2205 794 2236 ἐλωί-

135 2246 186 2276 δοον
203 2247 253 2278 καὶ
277 2247 359 2288 ζηλου
378 2249 425 2278 και
430 2251 545 2300 „⁷‘·‘⁴'7³¹‘'
557 2250 632 2284 317,
649 2252 679 2278 8.
702 2259 793 2290 παρα-

134 2292 217 2331 χωρῶ
242 2290 280 2331 τῇ
301 2290 387 2320 ωόλει
407 2292 458 2326 τῆς
477 2289 626 2330 τιμωρίας.
646 2294 720 2327 523,
742 2294 793 2343 23.

135 2333 452 2384 παραχωρήσονταιτης
473 2334 573 2375 ἀρχῆς.
587 2335 659 2369 655,
674 2337 724 2364 17.
750 2333 795 2370 τίς

135 2373 159 2404 δ’
182 2376 214 2406 ἂν
239 2375 330 2416 οἰκέτῃ
360 2378 546 2430 παραχωρηρε
536 2387 571 2407 ειε
596 2376 713 2410 πολίτης
741 2379 796 2407 τῶν

135 2417 246 2448 ἑαυτου.
274 2421 423 2454 981,11.
459 2420 593 2450 ἁπάντων
622 2421 796 2460 παραχωρεῖν

135 2460 212 2499 ὑμᾶς
230 2462 385 2515 ἡγούμενος.
400 2464 496 2497 1467,
508 2465 540 2492 7.

93 2502 295 2555 παραψυχῆ]’
287 2503 320 2534 ιν’
330 2516 383 2540 ουν,
397 2504 420 2533 εἰ
434 2517 481 2535 και
496 2504 583 2545 μηδὲν
596 2505 796 2541 ἅλλο,ταύτην

135 2545 165 2583 γ’
179 2545 293 2587 ἔχωμεν
307 2545 498 2588 1πῑοιραψυχην.
513 2551 608 2583 1343,
621 2552 672 2579 21.
696 2560 796 2589 wafa-

137 2586 232 2630 ψυχὴν
247 2601 286 2628 τῳ
274 2589 395 2619 ”’πὲνιῖ*ει
406 2592 456 2621 την
468 2591 574 2621 τούτων
585 2591 708 2622 ευκλειαν
717 2591 795 2633 ἔχον-

136 2641 194 2664 τες.
209 2634 301 2667 1399,
315 2635 365 2662 17.

95 2674 275 2714 παρεδρεύειν]
304 2675 506 2715 παρεδρεύοντος
526 2677 641 2718 ἄρχοντι
666 2688 707 2715 τῳ
735 2676 796 2706 υἱεῖ.

137 2717 212 2751 572,
228 2720 279 2747 10.
294 2720 388 2754 1375,
403 2721 456 2749 23

95 2758 237 2797 παρεδρία,
248 2759 298 2788 vel
312 2761 413 2797 potius
427 2760 583 2803 παρεδρεία]
600 2761 717 2792 functio
733 2772 798 2791 mu-

140 2801 220 2830 neris
246 2803 400 2840 parbedri,
424 2814 476 2833 seu
507 2805 681 2835 assessoris.
703 2807 799 2841 1373,

139 2846 190 2873 92

97 2886 225 2926 πάρεδρος·
255 2885 338 2925 [scil.
369 2889 417 2917 τοῦ
446 2887 605 2929 ἄρχοντος]
630 2892 726 2925 1332,
750 2892 800 2925 14,

139 2929 274 2970 πάρεδρος
287 2929 424 2969 γενόμενος
440 2933 504 2969 regi
521 2942 686 2962 sacrorum.
706 2934 801 2967 1369,

139 2974 191 3002 20.
213 2972 348 3013 ’πάρεδρον
363 2974 458 3003 τοῦτον
473 2974 632 3011 ποιήσαντι,
646 2974 690 3004 ἴνα
705 2975 801 3005 διοικη-

1443 177 1525 220 207

866 291 903 310 cn
928 280 977 311 τῆν
999 279 1098 321 ἆςχῆν.
1123 282 1218 317 1372,
1239 284 1293 313 24.
1314 281 1358 317 οὓς
1382 282 1529 325 παρέδρους

866 313 980 357 εἰκότως
1008 333 1054 356 τις
1079 322 1112 354 ἂν
1134 322 1232 362 φησι-ιιι
1257 325 1317 359 τοῖς
1339 326 1421 356 κάτω
1441 327 1529 360 θεοῖο.

867 367 961 401 1399,
972 376 1041 404 peu.

823 406 938 449 παρεία]
953 419 1016 442 τους
1029 406 1102 447 ὄφεις
1115 418 1180 442 τους
1198 406 1311 448 παρείας
1330 407 1437 440 θλίξων.
1452 412 1527 447 313,

866 453 918 481 25.

824 504 911 533 1ιςταρε.
902 494 970 534 ῖναι]
986 491 1139 534 πνρεσζείαν
1153 492 1289 534 πέμπειν,
1304 493 1364 528 ἥτις
1382 494 1526 535 παρέσται

865 547 925 570 τοις
947 537 1113 577 πράγμασι.
1134 539 1188 573 10,
1210 539 1240 566 1.
1267 547 1416 578 πανταχου
1443 537 1527 568 αὐτὸν

865 580 989 619 παρεῖναι
1009 592 1050 609 τοι
1070 578 1283 620 στρατεύματι.
1299 582 1416 615 1Ο,12.
1437 591 1470 609 το
1485 580 1527 609 ἀει

866 621 950 661 παρὸν
961 621 1121 663 προιέμεναι.
1136 622 1381 662 opportunitates
1392 632 1527 662 quasque

866 664 1024 694 itentidem
1040 670 1234 695 occurrentes
1255 665 1300 695 rei
1323 666 1400 695 bene
1422 675 1529 705 geren-

866 708 923 736 dae.
941 710 992 743 11,
1013 709 1064 738 23.
1088 706 1133 747 ἐφ’
1155 708 1250 738 ἅπασι
1273 709 1407 748 παρεῖναι.
1438 709 1528 737 rebus

867 750 1008 780 omnibns
1023 751 1163 789 gerendis
1177 751 1245 790 ipse
1263 751 1372 780 adesse
1387 756 1418 781 et
1434 750 1527 780 inter-

868 803 946 822 esse.
964 795 1017 827 24,
1032 796 1083 825 24.
1105 793 1188 834 φύσει
1204 793 1326 834 ὑπάρχει
1341 794 1402 828 τοῖς
1424 794 1527 832 παροῦ-

867 846 897 864 σι
911 837 952 865 τὰ
971 838 1025 865 τῶν
1043 835 1178 866 ἀπόντων.
1191 839 1244 872 41,
1261 838 1312 866 25.
1335 838 1376 866 τοὶ
1395 836 1528 876 παρόντα

868 880 1063 919 περιορῶντας,
1080 879 1149 920 περὶ
1163 881 1217 909 τῶν
1226 877 1389 919 μελλόντων
1399 879 1463 913 τοὺς
1475 878 1529 908 ἄλ-

867 926 931 955 λους
941 921 1034 961 φοβεῖν
1047 921 1153 956 εὔηθες.
1170 924 1243 958 129,
1259 924 1310 953 26.
1334 922 1530 952 ἀνεκοινώσατο

867 964 927 998 τοῖς
954 975 995 994 νυν
1019 975 1150 1006 παρουσιν
1174 965 1253 1005 αυτᾷἷ
1275 963 1324 994 και
1351 966 1530 1001 συνδικουσιν,

868 1005 920 1045 qui
936 1007 964 1037 ei
980 1013 1094 1047 praesto
1119 1012 1190 1038 sunt
1211 1018 1305 1047 opera
1328 1008 1529 1046 consilioque.

869 1052 943 1084 911,
964 1052 994 1080 6.
1021 1050 1080 1084 τοῖς
1103 1060 1235 1089 παρουσιν
1260 1049 1381 1084 ἕκαστος
1401 1049 1531 1090 ἀφθόνως

867 1093 984 1133 χρῆται.
1006 1093 1222 1132 copiosissime
1233 1093 1362 1132 quisque
1373 1093 1531 1131 jucundis-

870 1136 1006 1174 simeque
1027 1135 1161 1175 loquitur
1184 1136 1358 1176 cogitatque
1373 1136 1412 1166 de
1432 1135 1484 1173 iis,
1499 1135 1530 1166 in

869 1178 978 1216 quibus
995 1189 1064 1208 cum
1084 1178 1215 1208 maxime
1233 1182 1381 1209 versatur.
1401 1188 1456 1208 wes
1479 1180 1530 1209 das

870 1219 950 1250 Herz
971 1220 1028 1251 voll
1044 1223 1090 1257 ist,
1111 1222 1160 1251 des
1173 1220 1245 1262 geht
1264 1222 1316 1251 der
1336 1220 1438 1251 Mund
1459 1221 1531 1253 ‘iiber

869 1262 967 1303 [when
983 1263 1031 1293 the
1046 1264 1128 1294 heart
1142 1265 1167 1294 is
1177 1263 1259 1305 full,
1274 1264 1320 1294 the
1334 1263 1435 1294 mouth
1449 1274 1529 1294 over-

859 1306 972 1348 flows].
988 1309 1084 1342 1473,
1098 1309 1149 1339 19.
1174 1307 1272 1337 ταῦτα
1294 1307 1335 1337 νῦν
1357 1305 1422 1347 ἐμοὶ
1443 1307 1532 1347 πάρε-

868 1358 944 1384 στιν,
968 1348 988 1378 ἃ
1011 1349 1053 1389 μή
1079 1348 1153 1379 ’ποτ’
1176 1348 1278 1390 ὤφελε,
1304 1349 1372 1379 scil.
1395 1350 1530 1390 παρεῖναι.

869 1401 936 1430 qnae
952 1393 1047 1422 satius
1061 1396 1127 1422 erat
1142 1392 1215 1422 mihi
1237 1402 1388 1432 nunquam
1404 1402 1462 1423 usu
1476 1403 1531 1423 ve-

869 1434 963 1465 nisse.
974 1437 1069 1471 1473,
1082 1437 1133 1466 20.
1156 1435 1224 1489 ἄχρι
1247 1436 1297 1465 τοῦ
1317 1434 1448 1475 παρόντος
1461 1437 1532 1476 χρῆ-

870 1477 956 1513 σθαι,
978 1478 1154 1518 μνημονεύειν
1175 1481 1230 1513 τοὶς
1253 1478 1390 1520 χάριτας,
1415 1478 1447 1507 id
1474 1483 1533 1514 est,

869 1519 952 1561 ἄχρις
975 1519 1004 1551 οὗ
1028 1521 1151 1561 πάρεστι
1176 1520 1242 1561 [vel
1266 1521 1373 1562 ενεστι]
1399 1521 1531 1561 χρησὲαι

869 1565 936 1597 ταῖς
950 1575 1062 1604 χαρισι,
1074 1563 1248 1604 μνημονεύειν
1259 1564 1361 1598 αὗτάς.
1373 1566 1531 1600 1478,13.

867 1607 923 1635 τῶν
936 1607 1187 1642 τετελευτηκότων,
1206 1606 1220 1638 ἢ
1242 1608 1297 1637 τῶν
1320 1605 1460 1647 παρόντων
1484 1606 1529 1646 [id

869 1653 927 1684 est,
938 1649 1092 1689 περιόντων,
1103 1649 1146 1680 ἔτι
1159 1649 1279 1691 ζώντων]
1293 1648 1381 1681 πλείω
1392 1648 1532 1680 ποιεῖσθαι

867 1691 956 1729 λόγον.
972 1695 1067 1727 1479,
1088 1694 1117 1723 6.
1142 1693 1249 1731 παρῆς,
1272 1691 1287 1723 ἢ
1309 1693 1339 1722 οὐ
1363 1693 1462 1733 παρῆς,
1483 1692 1531 1722 ὅτε

867 1733 956 1764 ταῦτ’
974 1733 1076 1773 ἔλεγον,
1096 1733 1238 1775 Αἷσχίνη;
1264 1734 1312 1764 καὶ
1334 1733 1477 1773 ἐγίνωσκες
1497 1734 1532 1764 τὸ

867 1775 985 1816 μέλλον,
1001 1777 1016 1809 ἢ
1032 1778 1080 1808 οὐκ
1094 1776 1256 1817 ἐγίνωσκες,
1277 1777 1360 1808 citat.
1376 1777 1480 1807 Schol.
1491 1778 1531 1807 ad

868 1820 1046 1850 Aristotelis
1061 1821 1191 1850 Rhetor.
1206 1830 1238 1859 p.
1253 1821 1305 1850 47.
1319 1830 1346 1850 a.
1362 1822 1414 1851 23.

826 1862 1016 1903 παρεισφέρειν
1030 1862 1118 1903 νόμον.
1142 1862 1231 1893 aliam
1247 1863 1346 1901 legem
1363 1863 1455 1898 ferre,
1478 1863 1531 1893 alii

868 1906 1051 1944 abrogandae
1077 1905 1261 1945 oppositam.
1277 1907 1352 1943 484,
1366 1909 1398 1936 1.
1423 1911 1455 1936 et
1478 1909 1530 1937 12.

869 1949 944 1984 485,
961 1950 1012 1979 26.
1027 1951 1102 1985 487,
1115 1951 1167 1980 13.
1183 1952 1215 1979 et
1230 1950 1282 1979 20.

826 1990 1003 2032 παρεκλέγειν
1018 1993 1057 2022 τὰ
1073 1992 1156 2022 κοιναί,
1180 1990 1376 2022 clandestinis
1389 1994 1419 2020 et
1431 1990 1530 2021 minu-

869 2035 918 2070 tis,
933 2035 987 2064 sed
1000 2035 1116 2065 crebris
1130 2034 1220 2065 furtis
1235 2044 1329 2073 remp.
1343 2035 1530 2073 depeculari.

868 2079 944 2113 435,
959 2080 1011 2108 21.

827 2119 1043 2160 παρεμζάλλειν
1064 2121 1160 2160 λόγους
1183 2119 1298 2161 ἑτέρους.
1316 2120 1464 2156 inserere,
1484 2119 1530 2150 in-

867 2164 1019 2203 terpolare
1034 2164 1256 2204 disputationes
1271 2174 1288 2194 a
1300 2173 1392 2193 causa
1404 2163 1532 2194 alienas.

870 2209 964 2242 1026,
978 2209 1030 2238 20.

826 2249 1020 2291 παρενοχλεῖν]
1043 2248 1276 2291 παρηνώχλησθε
1290 2248 1358 2283 ἴσως
1377 2248 1424 2278 καὶ
1441 2249 1532 2289 ὑμεῖς.

870 2295 944 2328 242,
962 2295 1014 2324 16.

827 2335 1047 2387 ωαςεξεταζειν]
1085 2334 1289 2376 παρεξετάσαι
1318 2333 1418 2367 αὖτοὺς
1453 2335 1532 2374 παρὰ

869 2379 992 2412 τούτους
1004 2380 1080 2413 741,
1094 2378 1150 2408 ult.

828 2420 982 2462 ωαρεργον]
999 2421 1077 2461 πνίιρε
1066 2431 1132 2460 -ργα
1149 2420 1294 2454 παντελῶς
1309 2418 1410 2448 ταλλα
1424 2429 1488 2458 προς
1500 2417 1533 2448 τὸ

870 2463 1028 2502 λαμβάνειν
1050 2461 1201 2503 νομίζουσι.
1222 2463 1406 2501 posthabent
1433 2462 1533 2491 omnia

870 2506 1033 2545 cupiditati
1059 2506 1306 2541 5ι1ε1ε.1233,5-
1335 2505 1377 2544 μὴ
1405 2504 1534 2544 παρεργον

871 2548 1050 2579 ποιήσασθαι
1075 2548 1109 2578 τὸ
1135 2546 1284 2588 προσέχειν
1308 2548 1367 2580 τοῖς
1391 2545 1533 2586 μέλλουσι

871 2591 1059 2632 ῥηθήσεσθαι.
1077 2594 1171 2625 1411,
1188 2593 1241 2620 21.

829 2646 893 2667 τους
909 2645 1050 2675 παρεργως
1062 2633 1199 2668 ἐνταυθοῖ,
1209 2631 1277 2662 ἀλλ’
1287 2642 1334 2662 ουκ.
1346 2630 1535 2670 ἔξεταστικονς

872 2675 1117 2716 ἐκκλησιάζοντας.
1130 2676 1205 2711 215,
1218 2677 1247 2705 9.

831 2717 1081 2760 παρέρχεσθαι]“
1070 2731 1081 2748 ο
1102 2721 1155 2758 γαρ
1178 2717 1242 2747 ἔστι
1265 2715 1407 2758 χείριστον
1429 2715 1461 2746 ἐκ
1484 2728 1534 2747 του

874 2761 1094 2800 παρεληλυθότος
1117 2760 1221 2802 χρόνου.
1236 2761 1353 2794 40,13.
1376 2771 1415 2789 τα
1430 2766 1535 2801 παρελ-

875 2804 965 2835 θόντα
994 2805 1166 2844 πράγματα
1189 2801 1274 2833 παντ’
1296 2800 1458 2832 ἄιεν-ὄλωλεν.
1482 2806 1536 2840 92,

877 2850 928 2878 19.
951 2845 1133 2886 παρελθοῦσιν
1153 2845 1190 2880 εἷς
1211 2846 1259 2876 τὴν
1280 2844 1450 2875 δυναστείαν.
1465 2848 1538 2882 117,

878 2893 908 2919 4.
936 2889 1059 2925 εἰκότως,
1083 2888 1176 2929 οἶμαι,
1202 2889 1242 2918 τὰ.
1266 2887 1334 2928 ἔργα
1358 2899 1420 2922 τους
1444 2888 1541 2926 λόγους

878 2931 1062 2972 παρέρχεται.
1079 2936 1237 2970 superant,
1251 2935 1454 2961 autevertunt.
1468 2934 1540 2967 132,

881 2978 911 3005 8.
934 2977 987 3008 τὰς
999 2974 1094 3010 αἰτίας
1108 2974 1155 3005 καὶ
1172 2975 1226 3009 τὰς
1239 2973 1373 3008 διαβολὰς
1386 2972 1540 3014 παρελθεῖν.
