1822 3187
230 108 314 150 306

270 220 319 245 tus
344 216 411 246 fuit.
437 219 511 253 260,
534 220 586 249 18.
612 219 750 251 Diondas
771 222 811 252 de
833 221 934 261 prima

267 268 380 289 corona
405 270 498 291 aurea
524 261 724 294 Demostheni
755 269 934 295 controver-

267 302 343 331 siam
355 313 423 333 cum
436 303 598 341 movisset,
613 317 707 337 causa
721 308 846 338 cecidit.
858 310 933 342 302,

270 347 322 376 15.
345 350 419 384 quot
434 348 540 386 patriae
557 349 671 385 socios,
688 355 718 380 et
733 355 861 389 quantas
876 349 933 379 miÎ‡

266 387 416 428 litumque
429 401 683 432 numerorumque
699 394 818 432 copias,
833 392 934 422 consi-

265 430 328 466 liis,
353 433 572 473 legationibus,
598 435 712 465 studiis
737 435 933 475 compararit,

264 481 396 506 enarrat.
426 477 501 513 305,
533 481 583 508 14.
618 489 664 516 sq.
706 488 808 508 curam
837 478 934 517 gessit

264 518 409 548 moenium
439 521 686 558 reparandorum,
718 525 749 550 et
773 522 932 551 coemendi

262 558 418 597 frumenti,
434 568 504 601 post
516 563 657 602 proelium
672 564 709 593 ad
723 564 932 594 Chaeroneam.

263 604 338 639 309,
350 615 420 643 pen.
439 607 515 641 310,
529 609 560 635 2.
577 606 711 636 nominat
726 607 932 644 adversarios,

262 646 445 684 quibuscum
477 649 537 678 sibi
568 650 606 679 ad
643 660 741 689 remp.
772 651 930 680 accedenti

263 691 442 720 certandum
468 691 589 722 suisset.
611 694 686 729 310,
710 696 739 724 9.
774 693 888 732 saepius
913 704 929 723 a

260 733 371 770 patria,
393 734 575 773 Graecisque
597 736 664 765 aliis
680 736 861 766 civitatibus
877 747 928 766 co-

260 784 352 805 ronas
364 786 471 807 aureas
486 778 567 807 tulit.
579 780 654 814 313,
668 782 697 809 2.
721 780 927 809 laudationem

261 818 420 850 funebrem
445 821 550 850 dicere
570 823 676 859 jussus
699 828 747 852 est
766 822 796 851 in
821 823 927 852 funere

259 863 386 900 publico
400 874 548 893 caesorum
566 865 603 893 ad
620 865 831 895 Chaeroneam.
848 867 926 900 320,

259 905 316 934 ult.
337 916 405 944 quae
421 909 563 935 exstetnc
579 907 682 941 hodie,
697 918 753 937 nec
772 918 820 942 ne,
837 908 927 937 dubi-

258 951 350 978 tatur.
375 949 405 978 in
421 949 554 978 secunda
568 948 721 989 legatione
743 951 781 979 ad
806 950 927 989 Philip-

257 1000 332 1029 pum
342 991 484 1030 captivos
494 991 698 1021 Athenienses
707 1002 767 1021 aere
782 1002 838 1022 suo
853 993 923 1022 red-

260 1034 343 1064 emit.
372 1036 450 1069 393,
478 1037 528 1063 11.
569 1034 665 1063 tribui
691 1045 765 1069 suae,
790 1034 925 1074 chorego

256 1077 386 1112 carenti,
408 1078 575 1116 choregum
597 1077 681 1106 ultro
708 1088 740 1107 se
764 1077 926 1114 offerebat,

255 1120 350 1150 tertio
378 1131 455 1150 anno
484 1124 565 1156 ante,
590 1130 680 1158 quam
708 1120 816 1150 Midiae
843 1121 925 1150 diem

255 1162 384 1193 diceret.
401 1165 476 1198 518,
497 1173 566 1202 pen.
591 1165 668 1198 541,
683 1166 713 1193 8.
747 1164 926 1194 adolescen-

256 1206 340 1236 tulus
354 1212 430 1242 erat,
446 1217 538 1246 quum
552 1210 669 1236 tutores
684 1206 724 1236 de
738 1207 816 1236 male
839 1212 925 1247 gesta

254 1250 350 1279 tutela
366 1254 535 1280 accusaret-
551 1251 627 1285 539,
648 1251 700 1280 23.
721 1249 891 1289 legationes
907 1261 925 1279 a

255 1302 288 1321 se
313 1293 413 1323 obitas
441 1297 609 1329 enumerat,
635 1302 711 1331 quas
732 1303 837 1322 omnes
863 1292 921 1323 sibi

253 1345 402 1375 prospere
419 1336 462 1366 ait
483 1335 637 1366 evenisse.
654 1337 729 1371 308,
746 1339 798 1366 10.
820 1337 868 1367 bis
883 1337 921 1366 ad

254 1379 437 1419 Philippum
453 1379 607 1418 legatione
629 1379 755 1408 functus
772 1384 830 1409 est.
845 1381 920 1414 406,

252 1424 304 1452 24.
329 1433 428 1461 pavor
444 1427 476 1452 et
491 1422 610 1452 animus
634 1422 769 1451 imbellis
791 1422 852 1462 ipsi
873 1427 921 1452 est

250 1467 468 1505 exprobratus.
480 1466 556 1500 405,
573 1467 624 1494 17.
641 1467 715 1500 409,
727 1467 780 1495 27.
804 1465 920 1504 primos

251 1519 269 1538 a
285 1510 433 1549 Philippo
446 1509 558 1538 missos
572 1508 692 1546 legatos
709 1508 748 1537 ad
765 1518 849 1546 spem
866 1518 920 1547 pa-

251 1553 296 1582 cis
323 1552 566 1582 Atheniensibus
578 1550 788 1589 injiciendam,
802 1551 919 1589 magni-

250 1596 308 1625 fice
333 1595 464 1634 accepit.
487 1597 563 1629 414,
587 1595 640 1623 10.
663 1593 781 1623 deserti
801 1594 919 1624 ordinis

250 1640 289 1668 ab
306 1640 496 1669 Enctemone
510 1636 569 1667 fuit
588 1640 759 1666 accusatus.
776 1636 851 1672 547,
865 1639 916 1667 27.

251 1681 426 1721 suspicione
442 1680 537 1711 caedis
553 1680 585 1709 in
601 1679 774 1709 Nicodemo
789 1683 918 1718 patratae

248 1725 308 1755 fuit
330 1725 509 1764 adspersus.
529 1725 605 1758 548,
621 1724 672 1752 16.
696 1721 835 1751 creditus
859 1722 916 1752 fuit

249 1769 441 1798 Euboeeuses
457 1767 496 1796 ad
512 1765 717 1796 defectionem
744 1765 783 1794 ab
805 1765 917 1795 Athen.

247 1810 562 1851 impulisse.550,92.
574 1819 603 1838 v.
612 1808 702 1839 schol.
716 1818 844 1838 munera
855 1818 873 1838 a
883 1819 916 1838 se

247 1854 334 1884 edita
356 1855 515 1891 factosque
538 1852 569 1880 in
586 1862 680 1889 remp.
699 1856 818 1880 sumtus
842 1861 916 1881 enu-

246 1903 355 1927 merat.
369 1899 444 1931 564,
462 1898 513 1925 21.
531 1905 577 1933 sq.
603 1894 718 1933 septies
735 1894 915 1933 majestatis,

247 1945 279 1970 et
299 1941 348 1970 bis
372 1940 530 1980 peculatus
546 1939 582 1967 ab
598 1936 810 1975 Aristogitone
826 1947 916 1966 accu-

247 1988 331 2014 satus
344 1988 445 2013 tamen
457 1981 578 2021 effugit.
588 1982 701 2015 781,6.
719 1990 736 2008 a
745 1980 915 2010 Theocrine

246 2031 421 2057 accusatus.
439 2027 535 2059 1333,
553 2026 605 2054 20.
628 2023 823 2052 insimulatur
844 2033 912 2052 cum

246 2080 284 2099 eo
297 2070 467 2099 colludere.
480 2070 577 2102 1335,
591 2069 643 2097 24.
657 2066 843 2095 Theocrines
854 2065 913 2105 ipsi

247 2114 399 2142 actionem
416 2112 523 2141 decem
539 2110 661 2140 talentis
673 2109 852 2138 aestimatam
865 2120 914 2138 re-

245 2156 338 2186 misit.
354 2156 449 2190 13:36,
463 2157 492 2185 6.
516 2153 758 2193 Aphobustutor
774 2162 842 2182 eum
860 2153 913 2181 ad-

243 2200 304 2229 huc
316 2198 478 2238 pupillum,
491 2197 660 2237 principem
674 2195 785 2225 classis
799 2195 913 2225 consti-

244 2243 313 2278 tuit,
332 2251 420 2280 quam
437 2249 600 2280 personam
618 2249 677 2268 non
695 2238 838 2268 subibant
854 2238 912 2267 nisi

243 2285 391 2315 ditissimi
407 2284 520 2323 quique
544 2283 592 2312 sui
608 2281 735 2311 ordinis.
755 2283 828 2316 836,
843 2291 912 2319 pen.

243 2339 342 2359 causae
372 2327 486 2357 actoris
521 2330 627 2355 contra
660 2324 911 2362 Dionysodorum

241 2370 462 2411 patrocinatur.
488 2371 582 2403 1298,
608 2372 638 2398 4.
670 2367 808 2396 interfuit
831 2367 911 2396 bello

240 2415 395 2445 Lamiaco.
409 2415 504 2447 1491,
522 2423 571 2451 ep.
590 2412 645 2441 ult.
671 2411 708 2439 de
724 2410 837 2439 exsilio
854 2420 910 2440 suo

243 2465 335 2497 agunt
352 2457 493 2497 epistola>
510 2456 635 2494 aliquot.
670 2453 909 2483 Demosthenem

241 2511 318 2531 anno
332 2501 469 2530 secundo
487 2497 682 2537 Olympiadis
694 2499 745 2526 98.
770 2501 803 2525 ut
815 2495 911 2525 tradit

240 2543 440 2578 Plutarchus,
464 2552 521 2571 non
546 2546 645 2571 autem
671 2549 748 2569 anno
773 2540 909 2569 secundo

240 2588 368 2627 Olymp.
385 2588 436 2618 99.
462 2590 495 2615 ut
519 2584 613 2613 tradit
638 2581 808 2620 Dionysius
831 2582 906 2612 Hal.

239 2636 344 2660 natum
361 2639 430 2659 esse
445 2629 538 2658 docet
549 2626 701 2657 Corsinus
713 2626 749 2655 F.
764 2626 801 2655 A.
817 2626 863 2655 11.
876 2635 906 2664 p.

241 2675 315 2704 139.

194 2717 431 2750 Demosthenes,
446 2713 783 2751 vetustior,imperntor
798 2711 907 2740 Athen.

237 2761 268 2790 in
291 2760 373 2789 bello
391 2757 656 2798 Peloponnesiaco
677 2755 789 2790 olaus,
803 2754 907 2783 lauda-

237 2808 288 2833 tur
309 2813 326 2831 a
347 2802 450 2832 studio
464 2801 542 2831 recti
556 2806 587 2830 et
602 2798 736 2834 honesti,
752 2797 834 2837 quod
856 2797 908 2827 ille

237 2845 342 2887 gratiae
358 2844 503 2885 populari
518 2842 730 2884 praehabnisse
750 2841 864 2870 dicitur
876 2840 907 2870 in

235 2888 377 2919 consiliis
391 2887 515 2926 publice
532 2886 651 2917 dandis.
667 2887 720 2920 34,
738 2887 790 2914 21.

193 2932 364 2974 Derkyllus
381 2941 398 2960 e
408 2930 558 2961 Chalkide
572 2929 726 2960 nunciavit
741 2927 906 2959 Athenien-

662 111 856 154 INDEX
891 111 1257 154 HISTORICUS

1012 219 1110 255 sibus,
1126 219 1309 261 Philippum
1331 222 1508 253 Phocenses
1528 222 1684 254 Thebanis

1011 263 1191 293 tradidisse.
1216 265 1292 301 359,
1316 264 1371 295 ult.
1403 265 1434 295 in
1457 266 1611 305 legatione
1636 276 1686 296 se-

1011 306 1111 335 cunda
1128 307 1347 337 Demosthenis
1368 308 1405 338 ad
1430 308 1621 348 Philippum,
1636 308 1685 338 viâ€”

1011 349 1057 378 dit
1068 349 1246 379 AEschinem
1257 350 1353 380 solum
1365 361 1382 380 e
1396 351 1534 391 Philippi
1551 351 1682 382 tentorio

1010 396 1102 422 noctu
1119 398 1292 422 exeuntem.
1309 395 1383 429 396,
1400 396 1430 424 9.

968 433 1154 470 Dinarchus,
1176 435 1367 472 Corinthius,
1383 446 1453 466 cum
1477 435 1624 475 Philippo
1638 436 1684 466 fu-

1010 477 1063 507 cit.
1079 479 1155 514 324,
1172 481 1223 508 14.
1246 480 1340 509 1491.
1362 490 1412 519 ep.
1429 478 1486 508 VI.
1503 482 1534 509 7.
1558 483 1606 509 est
1627 479 1682 509 ille

1009 524 1099 549 notus
1116 525 1226 550 orator.

967 562 1087 598 Diniasâ€š
1095 563 1304 598 Theomnestiâ€š
1315 573 1405 593 socer
1415 563 1613 603 Apollodori,
1626 563 1682 594 {ilii

1010 606 1158 635 Pasionis.
1175 609 1250 641 949,
1269 609 1319 636 21.
1346 609 1442 642 1118,
1455 609 1506 638 16.
1520 609 1617 643 1214,
1629 609 1681 636 17.

966 648 1086 685 Dinias,
1103 649 1293 685 Erchiensis,
1308 656 1482 680 numeratur
1499 650 1528 680 in
1548 649 1682 680 causidi-

1008 691 1053 721 cis
1070 697 1133 722 tuin
1150 693 1339 732 potentibus.
1355 696 1431 728 501,
1448 695 1500 724 25.

965 734 1073 764 Dinias
1090 735 1278 770 Phormidis,
1294 736 1500 775 Kydantides.
1520 737 1617 771 1387,
1633 737 1664 766 4.

964 777 1078 812 Dinon,
1115 778 1285 809 Nicostrati
1319 784 1350 809 et
1383 779 1542 809 Arethusii
1575 778 1681 809 frater.

1005 823 1101 856 1248,
1117 823 1147 851 9.

964 862 1057 898 Dion,
1074 864 1244 894 nauclerus.
1262 865 1337 899 908,
1355 863 1406 894 15.
1423 866 1499 901 910,
1518 866 1568 894 12.

962 905 1056 939 Dion,
1073 907 1288 936 Phrearrhius.
1302 909 1440 942 270,13.

962 947 1023 976 1)á¼°Î¿
1046 949 1257 987 Syracusanus
1280 949 1387 988 parvis
1408 959 1478 980 cum
1505 949 1605 989 copiis
1627 951 1678 989 ju-

1003 990 1120 1020 niorem
1141 991 1322 1031 Dionysium
1339 993 1462 1022 evertit.
1475 993 1551 1028 506,
1568 995 1621 1023 24.

962 1031 1087 1062 Diocles
1111 1033 1283 1063 Pitthensis
1299 1044 1424 1073 magnas
1440 1045 1508 1064 curn
1521 1036 1678 1074 Iphicrate

1003 1075 1176 1106 simultates
1201 1077 1356 1107 exercuit.
1376 1078 1455 1113 534,
1478 1079 1530 1108 23.
1556 1078 1678 1114 dubito,

1001 1118 1123 1149 idemne
1145 1119 1197 1155 sit,
1218 1119 1269 1158 qui
1292 1130 1322 1158 p.
1339 1120 1416 1155 570,
1432 1122 1485 1150 27.
1513 1120 1628 1151 dicitur
1644 1121 1677 1151 in

1004 1162 1122 1192 Euboea
1136 1162 1228 1192 factis
1247 1162 1382 1192 induciis
1403 1163 1469 1203 (vel
1489 1163 1584 1203 pace)
1606 1173 1677 1193 eum

1001 1204 1154 1235 Thebanis
1171 1206 1344 1235 Euboicum
1358 1205 1436 1236 illud
1453 1206 1568 1237 bellum
1582 1206 1677 1236 finiis-

1002 1257 1047 1283 se,
1059 1248 1145 1284 item,
1158 1249 1245 1287 cujus
1259 1249 1313 1278 lex
1327 1248 1476 1279 recitatur
1490 1260 1522 1289 p.
1534 1251 1611 1286 â·13,
1621 1251 1674 1281 19.

959 1289 1117 1321 Diodorus
1133 1291 1318 1321 Halaeensis.
1335 1293 1433 1328 1310,
1450 1294 1502 1323 17.

957 1333 1127 1370 Diodorus,
1149 1334 1202 1374 qui
1228 1334 1366 1364 Aristoni
1389 1340 1496 1366 contra
1517 1336 1674 1365 Cononem

998 1380 1130 1407 testatus
1143 1382 1201 1408 est.
1219 1379 1315 1413 1266,
1332 1379 1384 1407 27.

957 1418 1125 1457 Diodorus,
1141 1422 1180 1451 ab
1194 1420 1386 1451 Androtione
1406 1420 1565 1460 parricidii
1583 1431 1673 1451 accu-

997 1468 1092 1499 satus,
1121 1465 1176 1494 sed
1204 1464 1378 1499 absolutus,
1405 1464 1545 1494 vicissim
1571 1465 1671 1503 ipsum

997 1505 1167 1546 Ï€Î±ÏÎ±Î½á½¹Î¼Ï‰Î½
1194 1506 1365 1542 accusavit,
1392 1506 1529 1536 oratione
1552 1511 1618 1537 tota
1642 1507 1673 1536 in

996 1559 1064 1578 cum
1090 1549 1270 1579 invehente.
1292 1551 1368 1585 593,
1386 1559 1432 1589 sq.
1456 1559 1557 1580 cansae
1579 1550 1672 1588 hujus

996 1592 1094 1621 series
1115 1597 1256 1622 narratur
1275 1602 1306 1631 p.
1324 1594 1399 1622 702.
1422 1592 1475 1622 ubi
1495 1593 1578 1623 idem
1594 1593 1672 1623 Dio-

994 1634 1089 1664 dorus
1105 1635 1311 1665 Timocratem
1327 1645 1449 1674 quoque
1464 1635 1643 1666 insectatur.

953 1676 1113 1715 Diogiton,
1128 1677 1348 1708 Acharnensis.
1364 1680 1461 1714 1360,
1477 1682 1528 1709 11.

952 1719 1138 1758 Diognetus,
1155 1721 1247 1751 homo
1271 1720 1444 1752 dissolutus
1465 1725 1497 1751 et
1519 1722 1669 1762 perditus.

996 1764 1070 1798 99â¶2,
1087 1765 1140 1793 96.

951 1804 1137 1844 Diognetus,
1153 1806 1329 1841 Thorikius,
1340 1810 1473 1837 testatur
1485 1807 1669 1839 DemostheÎ‡

993 1848 1023 1877 ni
1039 1849 1186 1879 adversus
1201 1849 1454 1887 Thrasylochum.
1470 1852 1547 1886 541,
1564 1853 1595 1881 6.

951 1891 1129 1927 Diomenes,
1143 1892 1426 1931 CydathenaeensiS.
1444 1894 1541 1929 138â·,
1559 1894 1589 1923 3.

951 1933 1088 1963 Diondas
1115 1945 1209 1974 super
1234 1935 1331 1973 prima
1353 1945 1464 1964 corona
1484 1946 1578 1965 aurea
1603 1937 1667 1966 De-

991 1978 1145 2006 mostheni
1180 1978 1277 2006 movit
1314 1978 1569 2014 controversiam,
1609 1980 1664 2009 sed

991 2020 1116 2055 frustra,
1145 2026 1272 2050 conatus
1298 2021 1327 2050 ei
1351 2021 1483 2060 eripere.
1512 2023 1587 2057 302,
1612 2024 1665 2054 15.

991 2065 1067 2098 310,
1086 2066 1137 2093 10.
1161 2063 1281 2093 Corsini
1297 2064 1334 2093 F.
1346 2066 1383 2093 A.
1397 2065 1423 2094 1.
1439 2074 1469 2103 p.
1485 2067 1560 2096 362.

949 2104 1129 2145 Dionysius,
1161 2107 1273 2136 Siciliae
1299 2112 1458 2146 tyrannus,
1486 2108 1524 2137 ab
1555 2108 1664 2138 Athen.

991 2149 1117 2179 civitate
1134 2151 1263 2179 donatus
1286 2155 1343 2179 est.
1358 2152 1433 2186 161,
1449 2154 1500 2181 11.
1524 2151 1666 2190 primitus

990 2192 1048 2221 fuit
1065 2193 1178 2228 scriba,
1200 2193 1258 2222 hoc
1283 2198 1330 2223 est
1349 2193 1489 2223 minister
1509 2194 1665 2231 publicus.

991 2237 1066 2271 506,
1083 2239 1136 2266 211.

948 2276 1118 2317 Dionysius
1139 2278 1244 2318 junior
1265 2288 1283 2308 a
1306 2277 1407 2307 Dione
1421 2277 1663 2315 circumventus,

991 2326 1038 2350 est
1060 2321 1190 2360 imperio
1208 2326 1346 2351 exsutus.
1362 2322 1439 2357 506,
1462 2323 1514 2352 22.
1536 2322 1663 2362 Olymp.

994 2366 1066 2399 106,
1081 2369 1111 2394 1.

946 2406 1129 2445 Dionysius,
1170 2407 1407 2442 Democratfflae,
1443 2407 1662 2438 Chollidensis.

990 2452 1064 2486 929,
1079 2453 1130 2482 26.

948 2492 1468 2532 Dionysiusâ€šAphidnaeus,testatur
1478 2493 1663 2524 DemostheÎ‡

989 2536 1018 2565 ni
1033 2537 1065 2566 in
1082 2546 1173 2566 causa
1189 2535 1284 2565 caedis
1299 2535 1472 2564 Nicodemi.
1489 2536 1565 2571 549,
1578 2539 1630 2567 22.

946 2579 1117 2618 Dionysius
1135 2579 1246 2617 aliquis
1267 2578 1464 2608 Atheniensis
1486 2584 1662 2610 numeratur

987 2623 1017 2651 in
1046 2621 1215 2656 sceleratis,
1241 2621 1293 2660 qui
1324 2621 1459 2660 corrupti
1488 2621 1662 2661 largitioni-

987 2666 1055 2699 bus,
1094 2664 1200 2703 patriae
1241 2665 1403 2694 commoda
1446 2665 1659 2696 vendiderunt.

987 2709 1061 2742 398,
1077 2710 1107 2738 3.

944 2751 1124 2790 Dionysius,
1141 2751 1268 2780 sortasse
1285 2750 1491 2789 Megarensis,
1507 2750 1659 2780 conditio-

984 2805 1022 2823 ne
1035 2794 1139 2824 servili
1157 2798 1254 2829 natus,
1265 2793 1374 2823 fraude
1390 2793 1567 2832 impetravit
1583 2804 1659 2832 quo-

984 2838 1109 2867 rundam
1121 2836 1249 2867 Athenis
1261 2836 1440 2876 potentium,
1452 2841 1487 2865 ut
1499 2846 1656 2874 proxenus

983 2879 1228 2915 Atheniensium,
1250 2889 1303 2909 seu
1322 2883 1514 2918 procurator,
1532 2880 1562 2910 in
1582 2880 1656 2910 urbe

984 2933 1039 2954 sua
1054 2924 1249 2954 scriberetur.
1264 2924 1339 2958 497,
1356 2924 1386 2951 Â¹7.
