1822 3187
555 157 619 197 IN
653 155 1141 198 DEMOSTHENEM.

165 261 307 292 Pasionis
326 262 401 298 filio,
418 262 585 297 contendit,
607 263 656 292 cui
679 266 828 300 repugnat

167 304 373 342 Apollodorus
396 306 543 340 oratione,
565 316 632 343 quae
657 305 770 343 legitur
798 315 827 343 p.

166 349 261 378 1235.
279 359 325 385 sq.
348 348 467 378 videtur
484 349 562 377 idem
579 358 647 377 esse
662 358 729 376 cum

127 390 279 429 Callippo,
292 390 427 421 Philonis
439 391 512 425 filio,
528 391 714 420 AExonense.
732 391 825 419 1221.

165 435 195 463 6.
217 443 305 472 quem
331 439 542 467 veteratorum,
562 433 780 467 cavillatorem,
798 440 827 461 et

165 476 370 515 importunum
397 477 556 505 rixatorem
582 475 725 513 appellat.
752 475 827 503 ibid.

166 528 238 557 pen.
266 519 344 547 hunc
371 520 408 548 ab
440 519 627 557 Apollodoro
654 523 826 547 accusatum

166 571 246 596 esse,
273 562 314 590 ait
339 573 370 600 p.
394 564 467 595 960,
492 561 544 589 ult.
574 571 633 599 qno
661 562 826 590 orationem

166 604 264 633 adhuc
292 606 483 642 superstitem
507 604 656 636 designari
682 604 827 633 credibile

167 647 239 676 mihi
256 652 301 675 est
318 658 346 684 p.
365 649 460 681 1243,
477 648 506 675 3.
529 654 556 674 et
576 651 625 677 21.
645 647 714 675 item
733 649 828 681 1244,

168 691 197 719 6.
213 689 257 718 vir
273 690 386 718 dicitur
401 700 458 718 non
474 690 709 718 contemnendus
721 690 748 718 in
762 700 828 719 ret».

167 737 198 761 et
225 733 370 762 utramvis
395 732 424 760 in
451 737 564 770 partem
593 732 720 769 pollens.
766 732 830 770 8ιᾲ

168 776 302 804 occurrit
319 776 373 804 hoc
390 775 528 809 dubium,
544 775 623 811 quod
643 774 695 803 ille
711 774 827 811 Callip-

167 827 238 856 puS.
261 818 379 856 quicum
405 817 611 856 Apollodorus
633 818 670 846 de
699 818 828 856 Lyconis

166 860 335 889 hereditate
351 860 489 895 certavit,
510 861 708 889 Archebiadae
732 861 828 889 muni-

167 902 275 941 cipalis
291 903 403 932 dicitur
417 914 448 942 p.
465 905 560 938 1245,
577 905 628 932 21.
671 902 736 932 Jam
756 913 828 932 vero

166 946 391 975 Archebiadem
423 947 639 985 Lamprensem
675 946 768 975 fuisse
797 957 828 984 p.

168 990 264 1024 1236,
295 992 346 1019 15.
376 990 476 1018 doc-et.
523 988 638 1027 Nequit
661 999 734 1025 ergo
760 989 830 1018 Cal·

166 1031 269 1070 lippus
292 1031 341 1060 hic
368 1031 554 1061 AExonensis
579 1041 658 1066 esse,
688 1031 714 1061 si
739 1033 828 1061 Lam-

168 1075 287 1112 prensis
302 1075 368 1103 fuit.

126 1116 285 1155 Callippus
308 1116 491 1146 Paeaniensis
516 1117 676 1155 psephima
694 1116 827 1155 scripse-

167 1165 224 1194 rat,
242 1159 315 1189 utile
333 1159 504 1194 Cardiwis,
523 1159 757 1189 Atheniensibus
778 1160 830 1188 da-

167 1212 314 1231 mnosum.
336 1208 520 1241 quapropter
539 1202 576 1231 ab
599 1208 721 1231 auctore
737 1203 830 1231 orati-

168 1245 235 1274 onis
251 1246 289 1274 de
305 1246 464 1274 Haloneso
480 1250 638 1275 accusatus
656 1250 714 1274 est.
731 1247 784 1281 87,
799 1247 829 1276 9.

167 1289 246 1317 cous.
258 1299 287 1326 p.
304 1290 356 1323 76,
375 1292 403 1318 4.

125 1330 296 1369 Calhppus,
312 1331 405 1359 frater
424 1330 536 1359 actoris
550 1336 655 1360 contra
671 1330 829 1369 Olympio-

168 1373 287 1402 dorum.
305 1375 400 1408 1173,
416 1375 446 1402 4.

124 1415 339 1451 Callisthenes,
371 1415 508 1445 Eteonici
539 1416 630 1452 filius,
661 1415 828 1445 Phalereus

169 1459 356 1497 rogationem
385 1460 512 1492 ferebat,
543 1464 575 1488 nt
600 1459 828 1488 Atheniensium

169 1502 271 1531 nullus
292 1502 366 1531 urbe
384 1502 515 1535 abesset,
533 1512 591 1539 quo
608 1506 743 1541 tempore
763 1503 830 1531 Phi-

169 1544 273 1583 lippus
289 1546 443 1583 repentina
459 1545 488 1573 in
509 1544 646 1573 Phocida
660 1545 830 1583 irruptione

167 1588 302 1617 Athenas
317 1587 511 1626 percellebat.
528 1589 600 1622 238,
617 1589 647 1618 5.
695 1587 830 1617 Forsitan

167 1630 248 1659 idem
262 1636 308 1660 est
320 1631 356 1666 is,
369 1632 454 1668 cujus
470 1631 580 1660 mentio
592 1631 624 1659 fit
640 1641 669 1668 p.
686 1633 761 1665 467,
780 1633 830 1660 17.

168 1673 228 1702 fuit
255 1673 284 1702 in
312 1683 436 1702 numero
464 1678 534 1702 octo
562 1678 727 1708 oraturum,
756 1684 831 1712 quos

168 1716 343 1746 Alexander
354 1717 396 1745 M.
407 1717 442 1744 ad
455 1716 635 1754 supplicium
645 1716 832 1755 depoposcit.

126 1758 329 1788 Callisthenes
360 1759 518 1798 Sphettius
552 1764 682 1788 testatur
720 1761 831 1788 Demo-

169 1801 268 1830 stheni
287 1802 436 1831 adversus
455 1802 707 1841 Thrasylochum‚
726 1803 831 1832 Midiae

167 1844 299 1874 fratrem.
315 1846 389 1879 541,
405 1847 435 1874 6.

125 1886 333 1922 Callistratus,
346 1888 426 1917 filius
436 1887 619 1922 Callicratis,
633 1887 832 1925 Aphidnaeus,

169 1930 291 1960 celeber
302 1936 415 1966 orator,
425 1932 513 1969 cujus
526 1930 675 1968 exemplis
689 1940 832 1968 compun-

167 1978 235 2002 ctus
243 1978 273 2002 et
283 1974 471 2003 exercitatus
483 1974 717 2007 Demosthenes,
728 1973 831 2002 admo-

169 2016 241 2044 dum
253 2016 350 2045 adhuc
364 2020 426 2045 tum
445 2017 635 2051 adolescens,
651 2017 780 2045 animum
793 2017 832 2045 ad

168 2058 348 2097 eloquentiae
357 2059 488 2087 studium
498 2059 627 2098 appulit.
639 2060 767 2094 301,18.
777 2069 832 2088 nu-

169 2106 302 2130 meratur
313 2101 342 2130 in
352 2101 443 2130 claris
458 2106 488 2130 et
499 2101 696 2139 pollentibus,
709 2101 831 2130 iisdem-

172 2154 232 2181 que
249 2143 384 2173 honestis
397 2148 428 2173 et
440 2145 543 2182 probis
557 2144 739 2173 oratoribus.
756 2145 831 2179 4:36,

175 2188 227 2216 13.
239 2187 313 2222 742,
328 2188 378 2216 23.
393 2192 499 2216 auctor
514 2187 570 2216 fuit
586 2187 832 2222 Atheniensibus,

171 2233 206 2258 ut
232 2229 529 2259 Lacedaemoniorum
556 2240 614 2264 res,
643 2241 660 2259 a
682 2229 832 2258 Thebanis

172 2276 352 2310 prostratas,
381 2276 412 2301 et
437 2273 467 2301 iu
494 2282 642 2301 summum
669 2272 832 2301 discrimen

173 2314 333 2348 adductas,
361 2315 531 2344 relevarent
566 2320 655 2353 atque
684 2319 834 2343 sustenta-

172 2362 249 2387 rent.
268 2359 362 2393 1353,
379 2360 429 2388 19.
466 2358 637 2396 Stephanus
652 2357 679 2386 ei
696 2357 834 2386 adulatus

173 2405 205 2429 et
225 2401 384 2430 famulatus
401 2405 457 2429 est.
476 2402 570 2436 1559,
590 2403 639 2430 18.
677 2400 834 2429 Timotheo

174 2443 307 2472 Cononis
322 2443 403 2472 diem
417 2443 498 2472 dixit
513 2443 556 2472 rei
571 2442 722 2481 capitalis.
741 2445 834 2478 1187,

171 2487 205 2515 ⁴7.
217 2488 375 2521 1188,10.
391 2485 606 2515 condemnavit
617 2485 836 2521 Antimachum,

175 2527 326 2557 Timothei
337 2533 529 2567 quaestorem,
543 2529 667 2567 ejusque
677 2528 835 2558 facultates

176 2571 357 2609 publicavit.
376 2573 471 2607 1198,
487 2574 537 2601 10.
583 2571 668 2600 Sitne
682 2571 776 2606 idem,
791 2576 837 2600 at-

177 2623 237 2652 que
252 2614 302 2651 qui
316 2623 345 2651 p.
360 2616 454 2649 1220,
465 2615 517 2643 ult.
533 2618 564 2644 et
580 2617 674 2649 1221,
687 2615 738 2644 19.
756 2624 836 2643 com-

176 2660 371 2690 memoratur,
386 2662 417 2685 ut
430 2657 529 2690 exsul,
547 2657 593 2686 bis
610 2657 700 2686 morti
716 2657 837 2686 damna·

177 2702 237 2731 tus,
253 2702 282 2727 et
293 2698 489 2734 Timomachi,
502 2699 641 2738 praefecti
657 2700 766 2729 classis
782 2700 837 2729 At-

175 2739 247 2770 ticae
279 2741 308 2769 in
344 2741 483 2774 Thracia,
511 2742 658 2777 κηδεστὴς,
686 2742 839 2781 Schwager

179 2781 454 2823 [brother-in-luw]‚
469 2783 548 2813 haud
564 2785 716 2814 definiam.
762 2785 838 2814 Bar-

178 2830 269 2854 tonus
294 2826 330 2854 ad
359 2826 516 2854 Plutarch.
534 2825 560 2864 §.
580 2826 610 2856 ε’.
629 2832 744 2862 censet,
761 2827 839 2856 hunc

179 2872 328 2897 oratorem
351 2869 478 2897 eundem
496 2878 564 2897 esse
582 2879 651 2898 cum
670 2869 722 2898 illo
746 2869 840 2899 Calli-

180 2913 286 2945 strato,
302 2911 387 2950 c-ujus
401 2911 625 2940 lamentabilem
645 2911 761 2941 exitum
779 2913 842 2949 Ly-

175 2962 292 2994 curgus
303 2953 332 2984 in
343 2959 420 2984 orat.
432 2954 461 2984 in
474 2954 649 2985 Leocratem
661 2964 692 2995 p.
702 2955 776 2991 159,
789 2956 841 2985 26.

1482 157 1562 198 301

905 260 954 289 ed.
968 261 1010 289 H.
1022 260 1128 298 Steph.
1143 266 1272 290 enarrat.
1288 272 1355 300 quae
1368 272 1424 291 non
1437 263 1567 292 concilio

904 313 973 331 cum
1001 303 1199 332 aestimatione
1224 304 1383 343 probitatis
1410 310 1441 334 et
1469 306 1566 343 gratia

904 346 1057 384 populari,
1069 356 1128 384 qua
1140 346 1332 375 Callistratus
1342 347 1454 377 floruit.
1488 349 1568 378 Pau-

905 389 1004 417 sanias
1033 399 1150 427 quoque
1177 389 1206 417 in
1238 389 1342 418 Sicilia
1367 401 1434 419 eum
1464 391 1567 420 obisse

904 432 1048 469 perhibet
1064 441 1079 459 e
1102 431 1223 460 vulnere
1242 436 1301 459 tuin
1319 439 1457 470 accepto,
1474 444 1566 471 quum

906 476 1068 513 praefectus
1081 474 1136 502 alce
1153 474 1287 512 equitum
1306 474 1424 503 sortiter
1441 476 1565 505 dimit-a-

904 523 959 545 ret.
973 517 1050 555 quod
1063 517 1380 545 videturannonescio
1391 528 1450 555 quo
1461 519 1567 557 Olym-

905 561 1004 597 piadis·
1025 562 1094 589 108.
1114 560 1262 589 evenisse.
1284 569 1314 587 v.
1332 560 1447 588 Fabrio.
1470 562 1504 589 Β.
1529 562 1566 590 G.

906 607 928 631 t.
948 603 1002 631 lt'.
1020 614 1048 641 p,
1064 604 1115 631 56.
1132 606 1181 632 57.
1200 603 1251 640 qui
1268 602 1391 640 Etupedi
1408 603 1499 631 lilium
1515 614 1566 641 ap-

906 646 1010 682 pellat.
1034 646 1095 674 Sed
1106 646 1231 674 meliora
1247 651 1276 674 et
1293 645 1427 683 pleniora
1444 656 1471 673 ν.
1485 647 1566 683 apud

909 689 1119 716 ttuhnkenium
1147 688 1181 717 V.
1205 688 1242 717 C.
1263 688 1290 716 in
1313 688 1440 717 historia
1461 688 1567 718 critica

905 736 1056 759 oratorum
1074 732 1248 759 Graeeorutn
1266 741 1295 768 p.
1312 732 1364 760 58.

862 773 1066 807 Callistratus,
1088 773 1165 802 filius
1188 773 1362 807 Eubulidae,
1380 774 1472 802 frater
1494 773 1567 802 Phi-

905 815 980 852 lagri
1003 821 1031 844 et
1056 816 1261 845 Eucteinonis.
1284 818 1378 851 1061,
1396 818 1446 847 26.
1472 818 1567 852 1063,

904 862 956 889 16.
971 860 1065 894 1065,
1083 860 1113 889 9.

863 901 1063 937 Callistratus,
1101 902 1275 937 foenerator,
1319 912 1371 931 seu
1409 901 1568 941 trapezita.

907 946 980 976 948.
996 946 1047 973 17.

863 988 1014 1023 Cammes,
1034 987 1280 1025 Mitylenaeorum
1301 992 1456 1026 tyrannus.
1473 990 1568 1024 1019,

910 1032 959 1060 19.

863 1075 933 1108 Car,
948 1082 1000 1101 seu
1018 1072 1116 1102 Cariae
1132 1072 1284 1107 dominus,
1299 1083 1329 1111 p.
1344 1074 1398 1107 63,
1414 1075 1465 1102 17.
1482 1083 1565 1103 com-

905 1120 1098 1150 memoratus,
1114 1120 1161 1143 est
1177 1115 1311 1145 Idi-iens.

863 1158 1019 1193 Cardiani,
1045 1168 1082 1186 ex
1110 1163 1211 1196 pacto,
1232 1158 1312 1188 inter
1334 1159 1513 1198 Philippum
1537 1165 1568 1188 et

907 1201 1105 1231 Athenienses
1129 1201 1218 1239 paulo
1241 1205 1309 1239 post
1334 1209 1451 1240 captam
1473 1203 1567 1240 Olyn-

906 1244 990 1273 thum
1006 1243 1093 1277 iuito,
1107 1253 1124 1272 a
1136 1243 1261 1282 reliquis
1273 1244 1472 1274 Cherrhonesi
1485 1245 1568 1273 inco-

907 1285 944 1315 lis
964 1291 1031 1314 sunt
1053 1286 1194 1323 separati,
1220 1292 1250 1315 et
1272 1297 1327 1325 pro
1349 1287 1454 1317 liberis
1477 1293 1566 1326 atque

902 1328 1111 1366 jurisdictioni
1136 1330 1245 1357 Atticae
1262 1331 1391 1360 exemtis
1412 1330 1568 1360 declarati.

909 1373 958 1407 63,
987 1374 1036 1401 16.
1073 1371 1216 1400 Cardiani
1245 1372 1364 1402 scilicet
1390 1383 1472 1402 suam
1500 1384 1567 1403 esse

906 1415 1025 1443 aiebant
1054 1414 1209 1452 regionem
1241 1416 1388 1453 quandam
1419 1416 1568 1446 Cherrho-

907 1458 982 1492 nesi,
998 1459 1033 1485 ah
1049 1457 1275 1487 Atheniensium
1287 1459 1407 1487 colonia
1422 1460 1568 1488 insessam

907 1511 961 1539 per
985 1501 1079 1535 nefas,
1108 1510 1124 1528 a
1153 1499 1298 1539 Diopit'ne
1329 1501 1402 1531 illuc
1429 1504 1569 1531 deducta.

908 1545 959 1578 87,
979 1545 1008 1573 3.
1032 1543 1133 1572 harum
1158 1543 1256 1572 litium
1282 1544 1368 1582 origo
1390 1550 1420 1574 et
1441 1545 1569 1574 historia

906 1586 999 1615 latius
1016 1585 1180 1624 exponitur
1195 1586 1224 1614 in
1237 1592 1412 1625 argumento
1424 1588 1568 1617 orationis

908 1639 1000 1667 super
1012 1628 1215 1658 Cherrhonesi
1231 1629 1333 1658 rebus.
1350 1632 1402 1660 88.
1419 1633 1470 1661 89.
1495 1631 1567 1660 Phi-

907 1672 1023 1710 lippus,
1045 1672 1073 1700 in
1099 1671 1224 1710 Illyrico
1245 1673 1352 1701 bellum
1378 1684 1497 1712 gerens,
1518 1684 1570 1703 co-

908 1715 968 1753 piis
983 1715 1129 1744 adversus
1151 1715 1290 1744 Cardiam
1315 1716 1415 1746 missis
1431 1727 1495 1745 eam
1516 1728 1567 1745 oc-

909 1762 1010 1796 cupat.
1035 1759 1107 1793 104,
1131 1759 1162 1787 3.
1185 1760 1258 1791 105,
1284 1760 1334 1788 16.
1365 1762 1436 1793 120,
1461 1761 1490 1788 6.
1516 1760 1568 1789 ubi

909 1800 1068 1829 maximam
1108 1801 1212 1829 urbem
1242 1801 1568 1832 Cherrhonesiacarum

909 1844 1053 1882 appellat.
1098 1843 1239 1872 Cardiani
1261 1845 1322 1882 jain
1353 1849 1422 1874 ante
1451 1855 1568 1885 pacem,

906 1886 993 1916 litem
1015 1896 1097 1914 suam
1115 1886 1260 1925 Philippo
1282 1887 1453 1917 detulerant
1468 1888 1568 1917 disce-

908 1929 1063 1968 ptandam.
1081 1931 1152 1964 161,
1169 1932 1219 1959 20.
1264 1930 1502 1960 Atheniensibus
1514 1932 1569 1960 ad-

908 1972 1029 2001 modum
1045 1972 1149 2001 infesti
1163 1977 1256 2001 erant.
1272 1974 1347 2007 677,
1363 1975 1393 2003 3.

866 2014 1131 2053 Carthaginienses
1145 2015 1215 2043 olim
1234 2015 1398 2054 vectigales
1414 2020 1500 2046 erant
1511 2017 1571 2056 Sy-

908 2057 1074 2086 racusanis.
1089 2059 1163 2092 506,
1179 2060 1228 2087 18.

866 2100 1038 2138 Carystium
1062 2100 1222 2138 quendam,
1247 2100 1474 2130 Atheniensium
1497 2112 1570 2140 pro-

908 2142 1423 2182 xenum,bellocaptum‚Philippus
1432 2145 1571 2182 peremit,

909 2186 1018 2215 frustra
1027 2185 1262 2224 deprecantibus
1270 2186 1506 2216 Atheniensibus
1517 2197 1572 2226 per

910 2228 1025 2266 legatos
1036 2232 1083 2257 ter
1098 2229 1152 2258 hac
1168 2228 1206 2257 de
1223 2239 1255 2257 re
1268 2229 1389 2258 missos.
1400 2232 1452 2265 86,
1465 2230 1496 2260 5.

867 2271 977 2300 Castor
998 2276 1028 2300 et
1043 2271 1155 2301 Pollux
1169 2271 1355 2301 fortitudinis
1370 2272 1459 2302 laude
1476 2272 1569 2303 incla-

909 2318 1044 2343 ruerunt.
1057 2316 1152 2350 1410,
1167 2316 1217 2344 19.

868 2358 1020 2395 Kecmps,
1034 2366 1200 2396 eponymus
1216 2357 1304 2386 heros
1317 2357 1571 2396 Cecropidarum,

910 2399 1006 2429 tribus
1029 2399 1135 2428 Athen.
1161 2401 1256 2434 1598,
1282 2402 1334 2429 21.
1355 2400 1407 2429 ubi
1430 2401 1570 2438 docetur,

913 2453 966 2471 cur
982 2443 1076 2481 διφυῆς
1091 2443 1181 2472 fuerit
1195 2442 1375 2481 appellatus.

871 2485 1039 2524 Kephalus,
1064 2484 1162 2514 clarus
1187 2491 1297 2514 orator.
1321 2486 1396 2521 301,
1419 2487 1471 2516 19.
1494 2496 1570 2515 nun-

913 2537 1001 2567 qnam
1017 2527 1074 2557 fuit
1090 2533 1259 2557 accusatus.
1275 2529 1349 2563 310,
1365 2538 1435 2567 pen.
1451 2530 1524 2563 511,
1541 2531 1571 2558 6.

872 2570 1077 2609 Kephisiades
1097 2571 1228 2609 Scyl-ita,
1247 2571 1296 2599 cui
1313 2571 1398 2608 Lyco
1414 2572 1570 2610 pecuniam

914 2624 997 2643 suam
1008 2614 1182 2643 tradendam
1196 2614 1317 2643 maridat
1331 2614 1460 2643 Pasioni.
1476 2616 1573 2651 1236,

873 2699 1114 2738 Kephisodorus,
1140 2698 1257 2727 Archon
1284 2708 1464 2738 eponymuS,
1491 2698 1573 2729 inter

916 2741 1094 2780 Polyzetum
1107 2747 1137 2770 et
1152 2742 1349 2770 Timocratem
1366 2742 1496 2777 medius,
1512 2753 1573 2781 quo

916 2785 1027 2813 honore
1050 2785 1193 2822 fungente
1221 2784 1442 2814 Demosthenes
1471 2786 1573 2824 Apho-

915 2828 986 2856 bum
1002 2826 1079 2854 male
1096 2831 1189 2863 gestae
1204 2825 1306 2854 tutelae
1315 2837 1399 2856 reum
1410 2827 1482 2866 egit.
1499 2830 1573 2863 868,

917 2873 968 2900 21.
979 2869 1035 2897 fuit
1044 2869 1167 2898 Chionis
1181 2868 1274 2908 filius,
1285 2869 1343 2898 nisi
1353 2881 1420 2900 mea
1431 2880 1479 2899 me
1496 2870 1575 2900 fallit

917 2910 1031 2950 opinio.
1047 2921 1226 2951 quamquam
1237 2911 1417 2951 interpretes
1429 2913 1575 2943 Chionem

919 2953 1128 2994 Cephisodoro
1159 2954 1346 2986 successisse
1373 2960 1517 2992 statuunt,
1545 2960 1577 2985 et
