1822 3187
161 130 245 171 324

158 233 349 269 Theodorus,
365 231 511 267 Phoenix,
524 231 698 262 l'oenerator.
714 233 792 265 908,
808 233 860 262 26.

160 276 351 312 Theodotus,
363 274 540 315 inquilinus,
551 275 604 305 sed
616 275 699 314 paris
715 285 783 305 cum
801 273 877 304 civi-

207 321 264 349 bus
279 329 401 349 census.
419 320 495 353 912,
512 319 565 347 28.

161 363 345 402 Theogenes
356 360 570 392 Andromenis.
588 362 685 396 1259,
703 363 733 390 2.

162 406 357 445 Theogenes,
372 404 574 438 Cothokides,
590 404 680 433 homo
704 402 799 432 nobili
826 412 880 441 ge-

206 459 292 484 nere,
316 449 370 477 sed
394 457 522 487 pauper.
545 447 611 485 ejus
632 457 701 476 cum
725 446 880 484 Stephano

207 496 366 521 contracta
380 491 586 521 necessitudo.
606 492 701 524 1:369,
719 491 768 518 15.
788 499 834 527 sq.
852 500 881 528 p.

210 537 306 570 1373,
322 536 374 564 17.
396 533 569 573 appellatur
590 533 778 568 Erchiensis,
799 532 882 571 quod

209 588 279 608 cum
291 577 443 616 superiori
460 577 529 606 loco
546 586 603 605 non
619 576 760 606 concilio.

167 621 350 660 Theogenes
368 620 570 650 Probalisius.
586 621 662 655 832,
679 622 710 649 2.

165 664 348 703 Theogiton,
363 664 538 698 Thebanus,
554 663 695 702 Philippi
713 661 882 692 studiosus.

211 709 287 741 3214.
304 709 356 737 16.

166 750 402 785 Theomnestns,
425 759 518 788 gener
546 746 742 789 Apollodori,
771 747 883 787 primas

209 799 314 833 partes
331 793 394 832 agit
416 793 546 822 actionis
562 793 593 822 iu
609 793 752 823 Neaeram
769 796 799 820 et
815 792 884 820 Ste-

211 837 358 875 phanum.
375 837 472 871 1350,
491 839 540 865 11.

166 879 382 918 Theophemus
405 881 513 908 crebro
539 878 711 908 nominatur
734 876 765 905 in
789 886 832 906 or.
856 875 885 905 in

212 923 381 961 Evergum.
396 923 492 952 1163.

166 965 400 1004 Theopompus,
416 969 504 1002 pater
520 962 694 993 Macartati.
709 962 805 997 1051,
819 964 871 992 20.

171 1009 315 1044 Theoris,
332 1009 346 1039 ἦ
363 1007 469 1046 Any-vic
485 1006 579 1042 dicta,
597 1017 654 1036 non
671 1006 753 1045 quod
771 1006 886 1035 Lemno

214 1057 296 1081 esset
314 1050 454 1086 oriunda,
470 1051 525 1080 sed
542 1051 622 1089 qnod
642 1049 803 1079 atrocitate
821 1059 888 1078 sce-

213 1095 310 1123 lerum
325 1094 394 1123 illas
409 1104 426 1123 a
441 1094 552 1123 sabulis
567 1093 724 1122 infamatas
744 1092 888 1121 mulieres

213 1137 356 1167 Lemnias
382 1137 565 1167 imitaretur.
609 1135 792 1166 Sacerdotio
822 1135 888 1164 fun-

213 1190 290 1219 gens
320 1179 461 1217 Athenis,
495 1180 676 1210 medicinam
711 1178 889 1212 exercebat,

214 1223 465 1262 carminibusque
490 1229 582 1263 atque
612 1222 781 1256 veneficiis,
811 1222 889 1250 alios

215 1266 392 1305 decipiebat
405 1267 535 1296 nummis
553 1271 723 1300 emunctos,
739 1265 818 1294 alios
835 1265 889 1293 de-

215 1311 383 1340 mentabat.
421 1310 521 1346 Quam
542 1308 765 1339 Demosthenes
781 1307 890 1347 impie-

215 1352 288 1382 tatis
311 1363 393 1382 ream
416 1358 571 1392 peractam
593 1356 692 1381 morte
715 1350 889 1381 mulctavit.

214 1397 292 1431 793,
309 1397 363 1426 26.

171 1438 364 1477 Theophilus
380 1437 513 1467 Archon.
531 1439 606 1472 968,
623 1440 652 1466 1.

171 1481 410 1511 Theosdotides.
429 1482 505 1516 533,
523 1482 574 1511 13.

171 1524 349 1555 Theoteles.
366 1526 463 1560 1048,
477 1527 509 1554 4.

172 1567 363 1598 Theotimus.
382 1568 476 1601 1259,
495 1572 527 1597 1.

171 1612 357 1641 Theoxenus
373 1609 588 1650 Alopekensis.
605 1611 680 1643 611,
697 1609 750 1638 23.

171 1653 388 1689 Theramenes,
401 1653 545 1683 inimicus
556 1650 790 1686 Demosthenis,
803 1652 892 1690 cujus

218 1697 421 1726 contumelias
446 1702 550 1726 orator
577 1695 738 1725 ulciscitur
761 1693 895 1734 epistola

220 1745 339 1779 quarta.
357 1741 453 1775 1486,
470 1749 517 1778 sq.

175 1782 396 1822 Therippides,
422 1781 624 1817 Paeaniensis,
644 1791 662 1810 a
684 1780 894 1810 Demosthene

220 1830 319 1865 patre,
336 1826 388 1864 qni
413 1835 449 1854 eo
464 1825 657 1854 familiariter
678 1834 753 1853 usus
772 1822 894 1857 fuisset,

221 1869 252 1898 in
267 1869 419 1898 tutoribus
435 1868 545 1907 pupilli
563 1867 744 1897 nominatur.
757 1868 832 1900 814,
843 1869 893 1897 16.

221 1917 253 1942 et
268 1912 428 1951 deinceps,
445 1912 585 1941 crebrum
603 1910 683 1939 enim
699 1908 813 1947 legitur
828 1910 895 1947 ejus

220 1965 329 1985 nomen
347 1955 378 1984 in
394 1954 457 1984 illis
472 1954 503 1983 in
518 1954 683 1992 Aphobum
697 1951 895 1982 orationibus.

176 1998 388 2037 Thersagoras
404 2003 495 2036 atque
520 1996 699 2027 Exekestus
718 1994 896 2030 Philiscum,

221 2042 386 2081 Lampsaci
401 2045 573 2081 tyrannum,
596 2042 803 2079 peremerunt.
821 2039 896 2074 666,

221 2095 291 2123 pen.

178 2127 318 2157 Theseus
335 2126 453 2156 incolas
470 2126 584 2157 Atticae
597 2135 652 2164 per
667 2135 758 2164 agros
772 2134 897 2163 sparsos

221 2181 311 2201 unam
328 2170 358 2199 in
373 2170 530 2200 civitatem
543 2169 692 2199 conduxit
702 2167 898 2207 popularem-

224 2224 283 2253 que
322 2213 554 2252 gubernationis
587 2213 713 2242 sormam
746 2210 897 2240 condidit.

224 2259 322 2292 1370,
339 2258 391 2286 16.

180 2299 322 2330 Thessali
340 2298 449 2338 perfidi
465 2298 663 2328 habebantur.
682 2298 734 2333 15,
748 2296 799 2327 15.
825 2298 900 2332 657,

225 2346 278 2374 25.
306 2343 470 2381 Philippus
487 2352 540 2371 eos
562 2341 620 2370 sibi
638 2341 833 2379 adjungebat,
850 2350 899 2369 re-

223 2386 381 2426 cipiendo,
396 2384 585 2423 Magnesiam
598 2384 676 2423 ipsis
693 2383 896 2418 redditurum,

223 2436 256 2459 et
271 2429 383 2459 bellum
400 2429 556 2457 Phocense
570 2428 789 2457 confecturum.
805 2429 857 2461 20,
868 2430 898 2457 2.

223 2472 306 2502 idern
322 2483 338 2501 a
354 2471 490 2510 tyrannis
505 2470 839 2508 liberatos,Nicaeaque
853 2475 897 2499 at-

224 2526 284 2555 que
301 2515 461 2554 Magnesia
476 2514 615 2550 donatos,
632 2514 772 2542 libertate
788 2523 897 2542 rursus

224 2559 372 2598 privavit,
405 2556 593 2586 tetrarchias*
614 2556 692 2595 ipsis
726 2556 896 2594 imponens.

225 2605 281 2637 71,
298 2605 349 2632 10.
373 2601 409 2629 ..d
429 2612 479 2629 eos
497 2600 575 2629 mitti
590 2599 772 2636 legationem
792 2604 898 2628 auctor

223 2651 272 2675 est
285 2646 609 2683 Demostlienes,qnaea
621 2642 770 2682 Philippo
780 2642 898 2672 abstra-

226 2689 323 2723 heret,
343 2690 406 2727 jam
424 2689 521 2717 factos
543 2688 580 2716 ab
603 2696 640 2716 eo
663 2685 824 2715 alieniores
845 2695 899 2724 per

226 2731 413 2761 offensiones
435 2731 611 2770 complures
630 2730 667 2758 ab
688 2739 725 2759 eo
746 2734 898 2768 acceptas.

226 2777 279 2809 21,
301 2778 353 2805 12.
379 2774 540 2812 Philippus
561 2772 720 2803 Thessalis
749 2772 899 2812 Pylaeam,

227 2827 280 2846 seu
297 2817 538 2846 communionem
555 2816 681 2846 concilii
697 2815 899 2856 Amphictyo-

226 2859 287 2889 nici
312 2861 476 2896 tribuebat,
491 2860 644 2890 sufficiens
668 2869 721 2888 eos
743 2860 774 2889 in
799 2859 898 2888 locum

227 2903 434 2933 phocensium
445 2909 679 2942 expunctorum.
690 2904 745 2938 71,
758 2904 809 2933 13.
823 2904 898 2938 443,

231 2949 280 2977 17.
304 2945 520 2976 Thessalorum
543 2946 595 2985 qui
622 2945 769 2986 Philippo
792 2946 898 2976 stude-

597 123 794 166 INDEX
827 121 1193 165 HISTORICUS

956 233 1035 264 rent,
1051 228 1254 258 nominantur.
1272 230 1347 265 324,
1363 232 1394 261 8.
1421 230 1561 262 Thessali
1578 241 1630 272 pa-

958 277 1035 323 trem
1063 271 1199 336 thilippi
1226 272 1410 302 Macedonia
1436 274 1629 313 expulerant.

914 317 1128 396 wfssi'fffiid
1157 359 1272 388 oreum
1296 357 1434 398 Philippi
1461 359 1630 390 studiosus.

915 403 1255 484 Thiaiffe's‘iiopularium
1273 454 1395 474 suorum
1405 445 1556 475 neminem
1571 445 1633 484 ipsi

960 487 1117 560 ggeYidunt,
1131 488 1187 517 sed
1203 487 1399 527 perimendos
1413 488 1482 518 aliis
1497 488 1632 518 tradunt.

1031 551 1038 564 ,
1056 534 1086 560 1.

917 574 1046 608 Thraso,
1069 575 1157 612 cujus
1179 573 1210 602 in
1235 572 1354 603 aedibus
1377 573 1540 604 AEscbines
1563 583 1634 603 cum

961 616 1116 652 Anaxino,
1148 616 1286 655 Philippi
1317 617 1524 655 speculatore,
1554 617 1634 647 clam

961 664 1053 688 noctu
1069 659 1197 689 Athenis
1214 660 1370 689 convenit.
1387 662 1462 696 272,
1475 670 1547 699 pen.

918 703 1130 741 Thrasybulus
1158 702 1356 742 Collytensis,
1380 703 1521 741 quamvis
1543 703 1573 732 in
1596 702 1636 733 iis

965 746 1086 782 fuisset,
1101 745 1153 784 qui
1170 746 1299 785 Phylam
1321 752 1519 785 occuparant,
1540 750 1572 775 et
1588 750 1638 784 ty·

962 799 1072 818 rannos
1100 799 1116 818 e
1143 789 1264 818 Piraeeo
1288 794 1510 829 oppugnarunt,
1533 793 1637 818 tamen

964 832 1158 870 postmodnm
1174 831 1284 870 capitis
1294 843 1414 862 causam
1425 843 1526 862 coram
1541 842 1638 872 popu-

964 875 995 904 lo
1011 875 1058 904 bis
1075 874 1168 909 dixit,
1182 879 1212 904 et
1228 875 1258 904 in
1275 885 1427 905 carcerem
1444 876 1556 905 ductus
1568 875 1637 906 suit.

964 918 1041 953 74⁶2,
1057 920 1108 948 12.
1128 927 1186 946 non
1203 922 1304 947 tamen
1320 918 1369 949 hic
1383 919 1465 948 idem
1481 923 1528 948 est
1544 928 1614 948 cum

921 960 1125 1000 Thrasybulo,
1139 960 1191 990 illo
1209 960 1363 991 celebrato
1377 961 1530 991 libertatis
1542 961 1637 991 Athe-

966 1004 1114 1034 niensium
1133 1008 1268 1038 auctore,
1284 1005 1336 1044 qui
1359 1005 1479 1044 plebem
1496 1004 1641 1034 exsulan-

966 1052 1027 1076 tem
1044 1058 1061 1076 e
1079 1047 1177 1085 Phyla
1190 1047 1312 1077 domum
1330 1047 1470 1083 reduxit,
1485 1051 1517 1077 et
1535 1052 1639 1086 tyran-

966 1101 1024 1120 nos
1048 1091 1150 1130 ejecit.
1174 1092 1249 1126 431,
1267 1093 1317 1122 12.
1355 1090 1509 1130 Ecphanti
1534 1089 1641 1121 Thasii

967 1143 1062 1172 opera
1091 1134 1192 1163 Thaso
1218 1134 1348 1173 potitur.
1373 1136 1450 1169 474,
1477 1133 1533 1163 ult.
1566 1133 1640 1163 item

968 1177 1130 1215 Byzantio,
1143 1187 1237 1216 opera
1250 1177 1394 1208 Archebii
1408 1182 1439 1207 et
1451 1176 1640 1207 Heraclidae.

967 1222 1042 1256 475,
1055 1224 1088 1250 4.
1104 1221 1170 1258 ejus
1183 1221 1220 1249 ad
1241 1222 1383 1260 Abydum
1399 1219 1560 1259 expeditio
1576 1228 1642 1250 me-

969 1268 1114 1292 moratur.
1132 1265 1226 1299 1310,
1244 1267 1297 1294 18.

924 1305 1147 1344 Thrasybulus,
1164 1307 1247 1336 illius
1268 1304 1341 1335 clari
1359 1304 1451 1340 filius,
1474 1306 1582 1336 decem
1596 1310 1642 1336 ta-

968 1348 1060 1378 lentis
1077 1348 1240 1378 mulctatus
1256 1352 1315 1377 est.
1331 1348 1407 1382 431,
1426 1351 1476 1378 12.

924 1390 1144 1430 Thrasybulus,
1161 1390 1299 1421 Nicerati
1320 1395 1463 1429 patruus,
1479 1395 1532 1421 aut
1546 1401 1642 1421 avun-

969 1434 1070 1470 culus,
1086 1445 1141 1473 pro
1166 1444 1226 1472 quo
1248 1434 1388 1464 Eubulus
1406 1434 1510 1464 dicere
1532 1434 1645 1471 noluit,

970 1477 1092 1507 tametsi
1109 1482 1251 1516 cognato.
1264 1479 1338 1511 434,
1357 1477 1409 1506 15.

926 1520 1151 1559 Thrasybulus,
1168 1520 1269 1549 clarus
1287 1524 1398 1549 orator.
1415 1521 1490 1555 301,
1505 1522 1557 1551 19.

926 1563 1146 1602 Thrasydaeus,
1161 1563 1340 1598 Thessalus,
1356 1563 1508 1602 proditor.
1523 1565 1599 1600 324,
1612 1564 1644 1594 8.

926 1606 1121 1646 Thrasyllus,
1134 1606 1323 1637 Eleusinius.
1341 1608 1437 1641 1241,
1453 1608 1506 1636 27.

927 1649 1156 1689 Thrasylochus
1173 1649 1396 1689 Anagyrasius,
1414 1649 1523 1680 Midiae
1538 1650 1645 1684 frater,

972 1693 1212 1723 Demosthenem
1238 1693 1375 1723 vexavit.
1398 1694 1474 1727 539,
1501 1692 1556 1722 ult.
1588 1692 1646 1722 sed

972 1735 1022 1765 hic
1045 1736 1131 1766 illum
1156 1737 1237 1766 ultus
1259 1741 1317 1766 est.
1339 1737 1415 1769 540,
1440 1739 1492 1766 21.
1521 1745 1647 1774 operam

972 1778 1098 1808 navavit
1109 1778 1260 1807 tutoribus
1275 1778 1506 1813 Demosthenis,
1517 1789 1577 1817 quo
1590 1788 1645 1808 eos

973 1826 1123 1856 servaret,
1138 1821 1168 1850 in
1189 1820 1361 1859 periculum
1386 1821 1424 1850 ab
1447 1825 1568 1850 oratore
1590 1821 1646 1851 ad-

972 1864 1093 1894 ductos.
1111 1866 1187 1899 841,
1204 1864 1235 1893 3.
1263 1863 1448 1894 trierarchus
1463 1863 1531 1893 fuit.
1549 1866 1645 1900 1222,

929 1949 1172 1989 Thrasylochus,
1195 1948 1322 1979 forsitan
1345 1949 1524 1980 foenerator.
1548 1952 1647 1986 1210,

929 2035 1159 2075 Thrasylochns
1181 2034 1369 2071 Messenius,
1386 2035 1538 2066 Philiadis
1555 2035 1648 2073 filius,

976 2079 1115 2118 Philippi
1130 2079 1296 2109 studiosus.
1311 2081 1388 2114 324,
1406 2082 1456 2110 12.

930 2121 1167 2162 Thrasymedes,
1184 2122 1353 2161 Diophanti
1369 2122 1462 2159 filius,
1474 2121 1645 2163 Sphettius.

976 2168 1049 2201 925,
1064 2168 1114 2195 15.

931 2209 1069 2244 Thratta,
1086 2207 1205 2238 ancilla.
1222 2210 1318 2244 1356,
1335 2208 1390 2238 ult.
1410 2209 1504 2244 1386,
1520 2210 1552 2237 7.

930 2252 1138 2282 Thucritides.
1157 2253 1252 2286 1304,
1266 2252 1318 2281 25.

931 2295 1130 2325 Thucritides
1156 2294 1244 2330 alter,
1272 2294 1363 2324 istius
1387 2298 1524 2333 patruus.
1550 2296 1646 2330 1304,

932 2380 1110 2416 Thucritus‚
1122 2385 1208 2419 pater
1218 2379 1377 2415 Euxithei,
1388 2380 1464 2418 ejus,
1475 2379 1570 2419 qui-in
1585 2380 1648 2410 Eu-

977 2424 1102 2454 bulideu
1119 2423 1193 2462 egit.
1210 2426 1306 2459 1311,
1323 2426 1373 2454 18.

932 2466 1149 2506 Thukydides,
1173 2466 1221 2496 vir
1245 2467 1328 2496 circa
1355 2470 1507 2506 postrema
1532 2466 1647 2495 Demo-

975 2509 1093 2540 sthenis
1109 2514 1250 2549 tempora
1267 2509 1369 2538 clarus
1393 2513 1426 2538 et
1447 2508 1476 2538 iu
1500 2517 1567 2547 rep.
1593 2519 1649 2547 po-

975 2558 1052 2583 tens.
1071 2555 1166 2588 1329,
1182 2556 1212 2583 2.
1239 2562 1257 2581 a
1273 2552 1447 2582 Theocrine
1472 2557 1646 2582 accusatus.

975 2598 1073 2631 1333,
1086 2599 1138 2626 22.
1434 2592 1436 2594 ’

931 2639 1095 2679 Thyestes,
1112 2638 1214 2668 fabula
1228 2637 1355 2675 tragica.
1372 2639 1448 2673 449,
1465 2641 1517 2669 18.

931 2682 1090 2722 Tigranes,
1105 2682 1226 2720 legatus
1237 2681 1319 2720 regis
1331 2682 1510 2717 Persarum,
1521 2681 1648 2720 Kypro-

975 2725 1089 2756 themin
1106 2726 1195 2754 Samo
1205 2730 1365 2764 tyrannum
1375 2724 1516 2763 imponit.
1530 2725 1602 2759 193,
1615 2725 1646 2753 4.

931 2769 1111 2808 Timagoras
1136 2774 1233 2798 morte
1249 2769 1423 2798 mulctatus.
1440 2768 1516 2802 350,
1533 2768 1584 2796 26.
1607 2766 1648 2795 de

975 2823 1067 2842 causa
1093 2812 1249 2850 supplicii.
1275 2813 1351 2848 383,
1378 2813 1428 2840 18.
1464 2811 1549 2839 Leon
1577 2819 1648 2839 enm

975 2855 1146 2889 accusavit,
1162 2855 1213 2894 qui
1240 2855 1342 2884 socius
1361 2853 1523 2892 legationis
1542 2852 1572 2882 ei
1591 2861 1648 2892 per

975 2898 1207 2939 quadriennium
1234 2899 1343 2928 fuerat.
1358 2899 1433 2931 400,
1450 2905 1521 2934 pen.
1543 2895 1646 2925 conci-

974 2942 1087 2974 liarunt
1101 2941 1133 2972 hi
1148 2951 1254 2982 pacem
1267 2939 1315 2971 ἐπ’
1324 2940 1508 2972 Ἀνταλκίδου
1521 2937 1646 2969 dictam.
