1822 3187
538 170 602 212 IN
633 167 1136 212 DEMOSTHENEM.

167 279 199 305 et
213 279 320 306 auctor
334 280 365 306 et
378 277 505 307 effector
515 277 583 308 fuit.
596 279 671 313 742,
687 276 739 307 25.

124 317 274 348 Piraeeus.
290 320 490 355 Macedones,
507 331 566 360 quo
587 317 827 350 Atheniensibus

165 361 358 398 insultarent,
383 364 512 393 navibus
527 365 557 393 in
576 364 725 393 Piraeeum
740 361 826 390 inve-

166 403 328 440 hebantur,
348 406 445 436 invita
470 417 556 445 pace.
571 408 646 441 218,
668 405 723 434 ult.
748 404 770 433 οἳ
797 401 828 432 ἐκ

165 450 298 486 Πειραιῶς
321 453 391 477 sunt
414 449 459 478 illi
481 449 578 483 cives,
602 448 654 487 qui
678 457 718 476 ex
743 447 828 476 Urbe

165 499 235 518 cnm
265 491 468 520 secessissent
492 491 521 520 in
548 491 712 524 Piraeeum,
738 489 828 518 illinc

165 532 290 571 triginta
300 537 442 572 tyrannos
453 533 700 572 primum,.ettum
708 532 829 561 decem—

166 575 250 604 viros
281 578 508 614 oppugnabant,
539 576 698 605 studentes
723 574 828 614 patriae

166 615 341 649 libertatern
360 620 500 654 reddere,
516 618 636 657 ipsique
657 619 778 647 domurn
791 618 830 647 ad

163 660 235 697 jura
250 665 281 690 et
297 662 374 690 bona
389 661 520 700 pristina
536 661 648 690 redire.
665 663 740 696 742,
758 662 809 690 15.

125 701 270 739 Plataeas,
298 705 535 740 Orchomenum,
564 709 594 733 et
607 704 771 742 ThespiaS,
798 707 832 731 ut

167 746 260 775 urbes
275 746 332 775 sibi
346 746 499 781 inimicas,
515 747 686 784 studiisque
698 746 762 775 suis
778 746 830 774 ad-

169 794 339 824 versantes,
375 789 512 819 secunda
540 790 659 819 fortuna
688 788 719 818 in
748 787 831 817 bello

168 831 330 860 Leuctrico
352 832 401 861 usi
424 832 573 867 Thebani,
606 832 833 861 destruxerant.

170 873 215 902 Ut
228 873 322 911 igitur
337 875 368 903 hi
381 874 460 903 omni
476 874 667 904 contentione
683 873 834 912 impedie-

168 916 252 950 bant,
264 926 301 945 ne
317 918 409 946 urbes
424 917 485 946 itlae
498 921 752 951 restaurarentur,
767 915 834 955 qui·

169 958 228 987 bus
243 959 366 989 refectis
386 970 510 989 necesse
526 964 607 989 esset
632 970 680 988 res
694 969 764 988 suas
780 960 834 988 de-

170 1000 228 1030 teri
242 1006 274 1030 et
286 1001 434 1031 imminui.
453 1004 527 1038 203,
543 1005 573 1032 4.
588 1002 632 1031 ita
648 1012 664 1030 e
681 1002 834 1032 contrario

170 1042 376 1074 Athenienses
399 1045 480 1074 omni
495 1055 590 1084 opera
604 1045 635 1074 id
648 1045 790 1084 egebant,
803 1049 836 1074 ut

170 1092 423 1117 restaurarentur.
444 1090 497 1122 59,
519 1090 571 1118 13.
597 1089 674 1123 208,
692 1090 742 1118 18.
759 1089 834 1122 347,

171 1130 224 1159 20.
238 1130 315 1164 375,
338 1132 370 1159 7.
395 1131 548 1160 celebrata
569 1131 622 1160 illa
645 1131 785 1165 formula,
808 1130 835 1159 οὐ

170 1173 218 1209 μὰ
242 1172 307 1204 τοὺς
328 1171 354 1201 ἓν
377 1174 543 1207 Πλαταιαῖς
568 1171 836 1214 παραταξαμένους.

171 1215 246 1249 297,
266 1216 317 1244 12.
349 1215 388 1244 de
403 1227 497 1255 opera
518 1227 536 1245 a
557 1217 783 1246 Plataeensibns
807 1216 837 1245 in

174 1257 255 1286 bello
273 1257 400 1288 Persico
417 1259 562 1298 praestita.
575 1262 672 1294 1377,
686 1262 716 1289 2.
734 1269 778 1297 sq.

130 1299 251 1329 Pontus
276 1305 393 1338 partem
419 1302 510 1341 longe
532 1301 694 1331 maximam
719 1301 838 1339 praebe-

173 1343 227 1372 bat
239 1344 305 1381 ejus
327 1343 482 1380 frumenti,
498 1346 578 1383 quod
597 1345 734 1374 Athenas
750 1343 838 1372 undi-

170 1395 229 1424 que
238 1387 487 1416 convectabatur.
497 1389 572 1422 466,
584 1389 636 1417 24.
653 1397 670 1416 e
683 1387 796 1421 Ponto,
809 1396 838 1415 e.

177 1438 207 1457 c.
222 1437 238 1456 e
254 1429 390 1464 Tenedo,
407 1439 463 1459 sex
473 1429 591 1459 dierum
609 1429 720 1469 spatio,
731 1439 838 1458 secun·

173 1470 213 1500 da
227 1471 431 1509 navigatione,
447 1472 729 1512 perveniripoterat
746 1472 839 1504 Athe-

173 1523 238 1542 nas.
255 1516 350 1550 1225,
367 1517 399 1545 3.

129 1554 276 1596 Ποςθμδς,
300 1567 354 1587 seu
371 1558 529 1595 trajectus,
551 1557 764 1597 appellabatur
786 1557 839 1586 ille

177 1603 294 1629 tractus
326 1601 464 1634 Euboeae,
498 1600 550 1629 ubi
579 1610 619 1628 ex
646 1599 764 1635 Attica,
789 1600 841 1629 vel

175 1641 295 1671 Boeotia
310 1643 452 1682 opposita
467 1643 664 1681 appellebant
687 1642 840 1681 trajicien-

176 1688 236 1719 tes,
253 1689 285 1714 et
299 1686 348 1715 ubi
373 1686 431 1715 sita
450 1691 516 1714 erat
537 1686 668 1715 Eretria.
696 1688 771 1721 119,
788 1688 840 1715 21.

182 1728 256 1761 125,
269 1724 410 1763 265133,
426 1731 477 1758 21.
490 1731 565 1763 248,
579 1729 630 1759 15.
663 1728 840 1768 Harpocra-

173 1768 238 1799 tion
253 1770 294 1800 ait
309 1771 456 1810 oppidum
470 1772 595 1801 Euboeae
611 1781 690 1801 esse.

134 1810 217 1851 Πόςος
237 1822 303 1842 esse
318 1815 450 1849 demum,
465 1824 517 1843 sen
537 1814 739 1853 municipium
762 1813 841 1843 Atti-

177 1864 245 1883 cum
262 1856 404 1894 perhibet
420 1857 572 1896 Harpocr.
588 1867 628 1886 ex
643 1861 718 1887 orat.
730 1856 761 1886 in
778 1857 840 1886 Eu-

178 1897 327 1928 bulidem.

134 1940 280 1979 Ποταμός.
296 1941 382 1980 regio
397 1942 535 1980 quaedam
555 1942 619 1981 agri
638 1941 749 1977 Attici,
770 1951 841 1971 con-

178 1983 246 2013 finis
271 1985 411 2020 Boeotiae,
435 1985 516 2022 apud
543 1985 736 2026 Cephissurn.
768 1987 843 2020 300,

181 2027 234 2055 16.
249 2037 279 2056 v.
289 2027 330 2056 ibi
349 2032 500 2056 annotata.

137 2068 278 2098 Potidaea
291 2079 308 2098 a
325 2069 473 2110 Philippo
495 2071 630 2099 obsessa.
647 2072 700 2105 11,
718 2071 770 2099 17.
792 2069 843 2098 ubi

180 2111 368 2141 Scholiastes
382 2117 473 2142 aetate
492 2122 547 2141 sua
562 2112 688 2151 Cytrum
705 2122 772 2141 esse
790 2122 843 2150 ap-

179 2153 324 2192 pellatam
350 2155 500 2193 perhibet,
531 2155 612 2194 quod
639 2155 722 2184 idem
751 2155 842 2193 paulo

181 2202 250 2226 ante
267 2197 306 2227 de
323 2197 443 2236 Pydna,
459 2202 490 2228 et
504 2198 562 2227 hoc
579 2198 704 2237 quidem
719 2198 843 2233 rectius,

181 2239 358 2270 tradiderat.
383 2242 460 2270 Nam
486 2241 626 2271 Potidaea
648 2241 844 2280 postmodum

183 2288 293 2312 exsuto
305 2288 426 2313 vetusto
440 2283 571 2320 nomine,
583 2284 775 2314 Cassandriae
791 2294 846 2313 no-

180 2335 250 2355 men
265 2326 377 2356 induit.
421 2327 590 2356 Potidaeam
606 2327 769 2365 Philippus
782 2337 799 2356 a
813 2337 845 2356 se

181 2373 336 2406 receptam
364 2369 531 2407 Olynthiis,
560 2370 644 2400 velut
673 2370 846 2399 mercedem

182 2420 282 2449 operae
299 2410 359 2440 sibi
375 2416 506 2448 navatae,
525 2412 763 2442 Atheniensibus
780 2422 846 2442 ere·

181 2459 276 2493 ptam,
299 2454 437 2483 donavit.
457 2458 489 2490 7,
507 2457 560 2484 10.
581 2457 634 2490 19,
650 2455 706 2484 ult.
723 2456 777 2490 70,
790 2454 845 2484 ult.

182 2497 257 2531 656,
272 2499 325 2526 10.
348 2497 452 2527 Sehol.
468 2498 505 2526 ad
518 2508 550 2536 p.
564 2500 640 2533 248,
658 2500 689 2527 3.
712 2497 846 2527 Potidae-

181 2548 228 2568 arn
251 2538 294 2568 ait
307 2543 445 2579 tempore
461 2545 533 2578 post
547 2542 687 2570 Beroeam
710 2540 846 2579 appella-

181 2585 242 2610 tam
258 2591 338 2611 esse.
361 2586 453 2622 capta
468 2583 527 2612 fuit
548 2587 620 2621 post
635 2582 846 2622 Amphipolin.

184 2624 259 2657 659,
273 2624 304 2652 5.
297 2634 373 2662 .quo
384 2629 522 2664 tempore
535 2626 700 2666 Philippus
714 2626 845 2655 Potidae-

183 2676 230 2695 am
246 2665 398 2704 capiebat,
422 2668 654 2698 Atheniensium
671 2673 736 2697 erat
751 2669 847 2698 soede-

184 2713 279 2743 ratus,
305 2714 336 2738 et
351 2709 591 2741 Atheniensibus
605 2711 750 2741 Potidaeae
762 2711 846 2741 habi—

183 2751 317 2780 tantibus
342 2752 489 2790 peculiari
512 2755 639 2783 formula
664 2754 846 2784 sacramenti

185 2794 377 2823 securitatem
394 2797 611 2834 spoponderat.
624 2799 679 2832 79,
695 2800 724 2827 6.

142 2836 367 2871 Proconnesus,
402 2837 502 2866 insula
524 2839 602 2876 juris
624 2839 736 2875 Attici,
764 2838 845 2878 apud

184 2879 434 2918 Hellespontum.
449 2883 526 2916 326,
540 2883 592 2911 15.

142 2921 336 2960 Prospaltius
364 2927 429 2952 erat
453 2923 559 2954 demus
586 2923 685 2954 tribus
701 2926 847 2955 Acaman-

185 2964 268 2995 tidis.
286 2966 383 3000 1071,
400 2967 451 2996 25.

1482 171 1565 214 333

859 275 998 311 Pteleus,
1013 275 1160 314 oppidum
1173 275 1388 306 cherrhonesi.
1403 279 1456 313 86,
1473 280 1524 309 16.

860 318 979 357 Pydna,
1004 317 1152 356 oppidum
1168 319 1372 349 Macedoniae.
1396 330 1428 350 v.
1450 320 1568 360 scripta

904 361 983 390 adv.
1001 360 1148 389 Potidaea.

861 403 962 442 Pylae,
979 403 1027 432 vel
1043 402 1271 441 Thermopylae.
1317 404 1497 443 Philippum
1518 404 1566 435 vi·

905 446 1002 475 ctoria
1017 446 1055 475 de
1072 446 1285 476 Phocensibus
1308 452 1394 484 parta
1417 448 1568 477 tumidum

905 489 1120 524 Athenienses,
1151 489 1234 527 Pylis
1260 490 1458 526 occupandis,
1484 491 1568 520 aditu

906 531 1036 561 Graeciae
1063 532 1279 561 excludebant.
1323 532 1448 570 Olymp.
1463 533 1568 569 CVII,

907 577 937 604 1.
953 576 1006 609 44,
1024 576 1074 604 24.
1099 577 1172 610 236,
1197 575 1248 604 15.
1274 574 1350 609 367,
1372 577 1423 603 21.
1480 576 1570 613 Pylas

906 617 1104 647 mercenariis
1122 617 1185 647 suis
1201 617 1336 646 insessas
1351 621 1435 645 tenet
1452 617 1571 656 Philip-

907 670 975 699 pus.
1001 662 1075 695 119,
1094 662 1143 689 14.
1180 660 1279 689 Graeci
1297 664 1395 694 erant,
1411 659 1463 688 alii
1478 659 1569 696 intra,

908 702 959 732 alii
974 707 1063 732 extra
1079 703 1170 742 Pylas
1185 703 1364 733 habitantes.
1376 704 1453 738 327,
1471 703 1502 732 6.

1196 830 1237 859 R.

868 915 1037 950 Rhamnus,
1064 914 1263 954 municipium
1280 915 1344 954 agri
1361 914 1472 951 Attici,
1494 916 1573 945 ultra

913 960 976 988 120
993 958 1091 987 stadia
1107 959 1143 987 ab
1160 959 1257 988 Urbe.
1271 961 1345 994 238,
1361 961 1410 989 18.

868 1001 1094 1036 Rhodus,Cos‚
1111 1006 1141 1030 et
1153 1001 1246 1030 Chius
1260 1012 1316 1040 per
1331 1011 1434 1039 pacem
1455 1000 1573 1040 Philip-

912 1044 944 1083 pi
968 1054 1036 1073 enm
1061 1044 1173 1074 Athen.
1198 1046 1354 1083 permissae
1380 1048 1451 1073 sunt
1475 1044 1575 1074 Cariae

914 1087 1058 1123 Domino,
1073 1088 1124 1126 qui
1148 1092 1211 1117 tum
1224 1088 1280 1117 suit
1297 1088 1426 1117 ldrieus.
1451 1089 1505 1123 63,
1524 1090 1574 1118 18.

914 1140 931 1159 a
949 1130 1089 1159 Mausolo
1101 1130 1159 1160 suit
1173 1141 1331 1168 oppressa.
1347 1133 1421 1166 198,
1437 1132 1489 1160 20.

1212 1259 1244 1287 S.

873 1343 1014 1378 Salamis,
1037 1343 1147 1373 insula.
1173 1342 1338 1372 Salaminia
1365 1352 1481 1381 pugna,
1500 1342 1580 1372 duce

915 1385 1135 1422 Themistocle,
1165 1396 1234 1415 cum
1266 1385 1374 1414 Persis
1404 1385 1579 1415 commissa.

918 1431 992 1464 172,
1010 1431 1062 1459 22.
1078 1430 1234 1458 celebrata
1253 1428 1305 1457 illa
1316 1429 1438 1466 jurandi
1452 1428 1581 1458 formula

917 1472 945 1501 οὖ
967 1474 1013 1510 μὰ
1038 1473 1103 1506 τοὺς
1117 1471 1143 1502 ἓν
1158 1471 1302 1510 Σαλαμῖνι
1323 1471 1582 1511 ναυμαχήσαντας.

917 1517 992 1549 297,
1016 1517 1067 1545 13.
1121 1516 1216 1544 Solon
1243 1525 1320 1550 eam,
1347 1514 1580 1551 Megarensibus

918 1563 1065 1596 ereptam,
1078 1559 1187 1597 patriae
1200 1557 1346 1587 reddidit.
1362 1559 1458 1590 1416,
1471 1560 1502 1587 7.

876 1600 1015 1635 Salamis,
1041 1601 1139 1639 Cypri
1165 1601 1325 1639 oppidum.
1350 1599 1512 1638 expeditio
1541 1599 1580 1628 ad

919 1653 996 1678 eam,
1013 1648 1044 1672 et
1059 1655 1160 1682 pugna
1170 1644 1206 1673 ad
1222 1643 1346 1673 fluvium
1359 1643 1583 1681 cognominem,

919 1686 1049 1715 ducibus
1074 1687 1208 1716 Diotimo
1232 1690 1262 1715 et
1289 1686 1471 1715 Charidemo
1501 1696 1583 1714 com-

919 1729 1021 1758 missa.
1039 1731 1113 1764 265,
1131 1732 1181 1760 19.
1198 1733 1284 1758 estne
1297 1739 1343 1763 ea,
1360 1739 1447 1766 quarn
1465 1728 1584 1758 Diodo-

918 1782 971 1800 rus
988 1772 1049 1801 Sic.
1065 1773 1108 1801 11.
1123 1775 1196 1803 114.
1213 1770 1358 1809 attingit?

876 1814 996 1844 Samum
1014 1824 1030 1842 a
1051 1815 1211 1852 tyrannide
1229 1813 1485 1852 Kyprethemidis
1507 1813 1584 1842 libe-

919 1862 965 1886 rat
986 1856 1176 1885 Timotheus.
1204 1858 1277 1891 193,
1304 1858 1334 1886 3.
1360 1855 1522 1894 expeditio
1546 1856 1584 1885 ad

919 1900 1054 1934 Samum,
1072 1899 1123 1928 cui
1140 1899 1278 1928 Pericles
1294 1899 1425 1937 praefuit.
1442 1900 1516 1934 561,
1533 1901 1585 1928 24.

877 1941 1017 1981 Skepsis,
1028 1941 1176 1981 oppidum
1190 1941 1343 1979 Phrygiae,
1355 1946 1406 1971 aut
1417 1941 1585 1983 Bithyniae,

920 1985 1000 2014 haud
1013 1985 1119 2023 procul
1136 1985 1206 2014 Ilio.
1224 1986 1299 2020 671,
1317 1986 1346 2013 8.

877 2027 1035 2063 Skiathus,
1061 2028 1159 2057 insula
1186 2037 1282 2067 prope
1306 2027 1466 2057 Euboeam.
1484 2029 1537 2062 49,
1552 2029 1584 2057 4.

922 2072 974 2105 99,
992 2073 1023 2100 2.

878 2113 1003 2142 Skione.
1020 2114 1094 2148 926,
1107 2116 1136 2142 1.

879 2156 1008 2194 Skyras,
1023 2156 1133 2185 insula.
1151 2157 1247 2191 1236,
1261 2156 1315 2185 23.
1331 2157 1428 2191 1346,
1443 2157 1497 2184 12.

879 2199 1092 2237 Selymbriam,
1117 2198 1347 2229 Atheniensium
1365 2198 1518 2237 quondam
1536 2208 1585 2228 so-

921 2242 1011 2277 ciam,
1034 2242 1176 2280 Byzantii
1203 2242 1262 2271 sibi
1280 2241 1483 2271 vindicabant.
1511 2243 1586 2276 198,

923 2287 974 2314 14.
990 2285 1152 2314 obsidetur
1168 2284 1353 2322 anilippo,
1368 2283 1482 2313 auxilia
1495 2284 1587 2313 Athe-

923 2327 1086 2363 niensium,
1109 2328 1146 2357 ad
1165 2329 1270 2357 urbem
1286 2327 1469 2356 liberandam
1487 2326 1588 2361 inissa,

923 2369 1149 2409 intercipiente.
1181 2371 1255 2405 251,
1285 2372 1336 2400 16.
1369 2379 1446 2398 auno
1478 2373 1586 2407 quarto

924 2412 1046 2452 Olymp.
1063 2414 1152 2443 CIX.
1169 2412 1290 2443 Corsini
1306 2413 1343 2441 F.
1357 2413 1394 2441 A.
1410 2412 1436 2441 I.
1452 2422 1483 2450 p.
1498 2414 1572 2442 353.

880 2455 1025 2490 Serrium,
1044 2463 1176 2485 castrum
1193 2456 1222 2485 in
1234 2455 1371 2484 Thracia.
1386 2456 1438 2488 85,
1452 2465 1520 2494 pen.
1537 2465 1587 2483 ca-

922 2502 1006 2536 ptum
1024 2508 1040 2527 a
1060 2498 1217 2538 Philippo,
1241 2497 1431 2527 intereadum
1455 2497 1491 2526 de
1511 2507 1587 2535 pace

923 2550 990 2569 cum
1011 2542 1123 2570 Athen.
1139 2543 1260 2580 agebat,
1282 2545 1333 2569 aut
1349 2549 1422 2578 pace
1435 2541 1496 2577 jam
1514 2549 1585 2569 con-

921 2583 1015 2617 dicta,
1032 2584 1164 2613 deducto
1178 2583 1334 2621 praesidio,
1348 2582 1388 2610 ibi
1403 2582 1440 2609 ab
1456 2582 1587 2620 impera-

923 2629 989 2655 tore
1000 2627 1109 2656 Athen.
1124 2627 1285 2655 collocato.
1299 2627 1372 2658 114,
1384 2626 1519 2659 16.133,
1536 2627 1586 2655 15.

881 2668 1000 2703 Sestus,
1017 2669 1162 2707 oppidum
1181 2667 1394 2696 cherrhonesi.
1411 2668 1484 2701 256,
1502 2669 1552 2698 22.
1570 2678 1587 2697 a

924 2712 1023 2749 Cotye
1047 2715 1078 2740 et
1090 2710 1249 2749 Abydenis
1264 2710 1444 2748 quibusdam
1458 2720 1587 2751 occupa-

923 2758 965 2782 ta.
984 2756 1056 2788 672,
1074 2755 1127 2782 26.
1146 2755 1239 2787 1212,
1257 2753 1307 2782 25.

880 2796 997 2824 Sicilia.
1019 2795 1151 2833 ingentis
1175 2795 1272 2824 cladis
1286 2794 1327 2823 ibi
1345 2793 1586 2825 Atheniensibus

923 2838 1045 2866 inssictae
1075 2838 1187 2867 mentio
1216 2838 1248 2867 fit
1272 2848 1302 2876 p.
1327 2839 1401 2872 469,
1418 2840 1470 2868 23.
1491 2841 1587 2874 1310,

926 2882 978 2910 13.

882 2922 1007 2961 Sicyoni
1029 2922 1207 2952 Alexander
1224 2925 1266 2953 M.
1285 2926 1442 2961 tyrannum
1458 2922 1588 2962 imponit

925 2965 1136 3004 paedotribam,
1164 2976 1218 2996 seu
1242 2966 1392 3005 palaestrae
1409 2966 1585 3005 magistrum
