1822 3187
560 159 1048 207 DEMOSTHENEAE.

131 269 232 308 γέγονε.
255 280 320 301 mea
345 276 445 308 aetate,
469 282 516 303 me
543 271 717 311 superstite.
739 271 790 304 28,

131 322 201 364 pep.
224 316 278 343 τῶν
289 312 335 343 ἐπὶ
347 317 400 344 τῶν
412 314 543 354 προγόνων
556 315 645 355 ἔργων.
657 315 710 347 34,
719 321 790 350 pen.

131 353 177 393 ἐφ’
190 355 276 395 ὑμῶν.
288 362 376 387 aetate
387 364 498 393 vestra,
511 363 541 387 et
556 367 603 386 res
616 355 790 395 gerentibus

133 398 233 433 vobis,
257 404 322 434 aue.
345 400 525 430 auctoritate
543 403 652 429 vestra.
669 399 779 432 984,3

131 439 166 478 h)
188 451 263 471 cum.
286 442 344 472 οὔτ’
363 442 409 472 ἐπ’
428 440 553 475 ἀληθείας
576 440 623 481 (id
648 444 704 475 est,
719 439 789 480 μετ’

131 482 289 536 ἀληθείας)
307 486 451 525 μηδεμιᾶς
472 484 565 523 εἶρημε
558 483 609 511 ’.να
636 485 788 518 23Ο,19.

132 524 187 563 ἐγὼ
203 526 256 575 μὲν
277 531 303 557 ἡν
321 527 366 557 ἐπ’
379 527 509 566 ὀνόματος
522 537 630 555 τουτου.
647 537 715 555 cum
731 526 789 555 hoc

132 569 264 603 nomine,
286 571 314 599 h.
327 581 354 600 e.
385 570 414 598 in
441 570 505 606 ejus
535 568 731 607 possessione
758 573 789 598 et

132 612 334 650 usurpatione,
347 611 426 651 gessi
439 611 471 640 id
485 617 513 640 et
526 612 680 650 usurpavi.
695 613 787 642 1000.

133 657 184 684 21.
219 654 246 694 i)
266 661 368 692 sponte,
385 653 433 682 vel
448 655 566 692 spontis.
581 652 626 693 ἐφ’
642 655 718 693 ὑμῶν
739 654 789 683 αὐ-

132 699 198 732 τῶν,
225 701 330 734 sponte
356 701 458 725 vestra
481 707 535 735 per
558 702 678 726 vosmet
693 698 789 736 ipsos,

133 739 198 768 sine
229 739 398 768 adventitio
436 739 591 776 magistro,
629 739 788 775 monitore,

132 781 177 810 vel
194 781 380 819 instigatore,
393 779 438 810 οἷοί
450 792 481 811 τε
489 780 538 812 ’ἦτε
551 783 648 811 ταῦτα
662 781 788 812 συνιέναι.

129 825 202 858 656,
218 825 248 852 7.
272 822 316 861 ἐφ’
327 823 436 854 ἑαυτοῦ.
450 829 557 863 sponte
565 835 629 860 sua,
642 825 789 854 arbitratu

128 876 194 895 suo.
205 867 278 901 688,
289 868 340 896 26.
355 869 403 897 τῆν
413 866 510 899 Βουλῆν
523 867 674 908 (senatum
692 870 790 898 Areo-

128 908 308 948 pagiticum)
322 912 400 939 κατὰ
415 912 520 941 πολλὴν
535 909 654 952 ἡσυχίαν
665 909 709 950 ἐφ’
726 910 789 940 ἑαυ-

126 952 186 985 τῆς,
206 961 268 981 suae
287 953 416 990 spontis,
432 952 510 988 εῖναι,
524 953 554 982 in
571 958 701 989 secreto,
717 963 789 992 pro-

127 993 175 1022 cul
192 1004 208 1022 a
221 995 319 1030 turba,
339 1006 388 1024 res
405 1006 474 1025 suas
496 1006 597 1034 agere,
611 997 728 1026 nemine
743 996 789 1025 in-

126 1036 318 1075 terpellante.
334 1040 409 1073 776,
425 1042 476 1069 21.
505 1038 572 1069 δ’που
593 1038 614 1068 δ’
643 1039 720 1069 αὐτὰ
749 1040 788 1069 τὰ

127 1080 301 1119 ’πράγματα
317 1079 362 1120 ἐφ’
376 1082 478 1117 αὑτῶν,
493 1092 548 1120 per
564 1092 608 1117 se,
632 1082 662 1111 in
684 1086 789 1111 natura

127 1132 192 1157 sua,
209 1123 398 1162 simpliciter,
413 1125 559 1154 destricta
573 1127 610 1154 ab
626 1126 705 1154 omni
722 1125 789 1154 fuco

127 1165 309 1202 adventitio,
333 1167 400 1206 ὑμῖν
423 1165 501 1196 ἐστὶν
525 1166 636 1208 ἐμφανῆ
664 1170 789 1198 ποιῆσαι.

128 1210 222 1243 1106,
238 1211 288 1238 14.
341 1210 377 1248 k)
396 1219 459 1247 pro,
482 1211 532 1240 vel
560 1221 601 1240 esc.
617 1210 715 1250 νόμους
734 1208 789 1239 ἐπὶ

127 1252 218 1291 καιροῦ
233 1251 381 1285 τεθέντας.
396 1252 480 1291 leges
496 1263 551 1291 pro
570 1254 661 1282 modo
684 1258 716 1282 et
737 1263 789 1282 ne-

126 1294 312 1324 cessitudine
324 1296 470 1333 temporis
482 1297 628 1334 cujusque
643 1295 788 1335 latas.ge-

126 1336 292 1375 legendich,
322 1337 397 1366 nach
420 1338 611 1378 Anweisung,
636 1337 788 1367 Veranlas-

123 1388 200 1419 sung
215 1381 278 1409 und
296 1379 439 1419 Erjfordew
441 1391 499 1410 mss
514 1382 564 1411 der
585 1381 788 1421 iedesmaligen

129 1420 289 1452 Umstiinde
315 1423 362 1463 [as
385 1425 513 1454 occasion
539 1422 655 1464 offered,
670 1424 788 1454 accord-

124 1466 177 1504 ing
199 1471 227 1494 to
255 1465 302 1495 the
321 1466 482 1496 indication
509 1468 568 1496 and
591 1467 730 1507 exigency
756 1466 793 1508 qf

127 1509 252 1548 existing
266 1509 515 1550 circumstances}
540 1511 615 1546 484,
632 1512 684 1539 20.

125 1550 202 1580 Cum
216 1551 329 1580 Dativo
346 1556 553 1582 constructum
572 1552 723 1592 significat
753 1551 787 1592 a)

123 1594 273 1632 supenbfi
283 1595 341 1627 τοῖς
349 1596 519 1634 πράγμασιν
529 1594 701 1625 εῖναι.ιέὶ)υ5
711 1605 788 1633 prae-

127 1646 207 1665 esse.
223 1639 275 1671 21,
290 1639 341 1667 19.
365 1648 545 1677 quamquam
561 1639 650 1668 reddi
666 1648 787 1676 quoque

125 1684 229 1717 potest
242 1681 290 1709 in.-
307 1679 336 1708 in
350 1680 467 1710 actione
481 1691 579 1710 rerum
593 1691 672 1710 esse.
688 1680 789 1710 ἐπικα-

127 1720 268 1761 ἓῆμενος’
259 1722 306 1752 επὶ
316 1734 351 1763 τῃ
337 1722 499 1763 τραπέζῃ.
510 1723 789 1753 commentariensis

126 1764 300 1800 numularii,
314 1765 364 1804 qui
377 1777 488 1795 meusae
498 1767 563 1804 ejus
575 1771 696 1805 praeest.
715 1768 790 1801 946,

127 1808 179 1836 14.
194 1809 273 1836 conf.
289 1818 320 1846 p.
340 1811 436 1844 1189,
462 1811 513 1838 20.
537 1810 589 1838 ubi
612 1820 680 1839 eum
705 1809 790 1847 geni-

125 1849 190 1878 tivo
214 1855 419 1881 constructum
440 1851 561 1890 legitur.
587 1833 790 1882 wzevszi'csraa

125 1890 172 1921 ἐπὶ
188 1894 248 1926 τοῖς
271 1893 417 1934 χρήμασι.
445 1894 657 1933 navigaturum
683 1895 789 1924 eadem

125 1935 156 1964 in
173 1946 261 1971 nave,
276 1946 335 1974 qua
349 1947 479 1972 merces,
499 1936 541 1967 ita
563 1943 595 1967 ut
613 1938 652 1967 iis
676 1937 790 1976 invigi-

126 1978 178 2007 let.
197 1980 270 2013 928,
290 1982 338 2009 11.
372 1979 408 2020 b)
430 1981 472 2009 in.
490 1979 548 2010 οὔτ’
572 1979 619 2010 ἐπὶ
642 1981 702 2015 τοῖς
718 1979 790 2014 ἰδίοις

125 2019 236 2060 ἐώμενοι
259 2021 413 2061 διατρίβειν.
431 2024 483 2058 22,
499 2023 550 2054 25.
575 2023 622 2054 ἐπ’
641 2023 791 2064 αὐτοφώρῳ

125 2064 355 2104 δεδωροδοκηκότα
402 2064 550 2106 (subaudi
598 2064 789 2105 εἰλημμένον).

124 2109 200 2143 378,
214 2111 264 2137 12.
286 2106 434 2145 γεγονότων
447 2111 524 2138 τινῶν
546 2108 594 2139 ἐπὶ
620 2110 791 2148 συμφοραῖς.

126 2151 202 2185 533,
218 2154 249 2180 4.
272 2149 318 2179 ἐπὶ
334 2152 400 2184 ταῖς
419 2150 536 2186 εὐθύναις
551 2151 670 2181 ἕκαστον
685 2151 792 2182 τούτων

126 2190 327 2231 λαμζάνοντες.
349 2194 379 2222 in
399 2194 525 2231 judiciis
548 2195 720 2234 peculatus,
739 2195 790 2224 vel

125 2236 370 2274 repetundarum.
396 2237 471 2273 605,
501 2239 552 2266 20.
589 2237 647 2270 τοῖς
673 2235 720 2266 ἐπὶ
752 2248 788 2279 τῃ

126 2279 297 2308 πλεονεκτειν
320 2279 472 2319 προαιρέσει
492 2278 586 2318 ζῶσιν.
610 2284 721 2309 sectam
738 2290 790 2308 cu-

126 2321 265 2359 piditatis
287 2322 483 2351 sectantibus.
508 2324 649 2357 662,17.
674 2321 791 2360 ζημιοῖ]-

126 2362 230 2394 σθαι’
221 2363 266 2392 επὶ
291 2363 329 2404 τῇ
353 2364 412 2404 anfi.
434 2367 510 2399 738,
533 2367 584 2395 25.
615 2362 659 2404 ἐφ’
681 2364 791 2398 ἑαυτοῖς

126 2406 174 2436 οὐκ
187 2406 284 2436 οἴονται
300 2409 340 2436 τα
356 2407 431 2436 αὐτοὶ
448 2405 540 2437 δίκαια
553 2407 631 2437 εῖναι.
644 2409 719 2442 744,
736 2409 787 2437 27.

126 2448 172 2488 ἐφ’
187 2447 223 2482 οἷς
238 2450 260 2479 οἱ
275 2448 351 2488 νόμοι
365 2449 518 2485 κελεύουσι,
543 2450 573 2479 id
599 2455 656 2485 est,
681 2449 706 2479 ἐν
725 2450 790 2480 τού-

125 2502 195 2528 τοις,
211 2491 236 2521 ἔν
250 2489 296 2525 οἷς.
312 2494 386 2528 803,
403 2495 454 2522 14.
487 2492 521 2533 c)
540 2503 637 2532 penes,
660 2493 688 2522 in
711 2493 791 2522 arbi-

125 2534 185 2564 trio
208 2539 239 2564 et
266 2539 418 2573 potestate
440 2535 578 2575 alicujus.
596 2535 638 2569 οὓς
661 2534 707 2576 ἐφ’
723 2536 790 2575 ὑμιν

128 2574 192 2605 ἐστὶ
207 2577 342 2617 κολάζειν.
359 2580 475 2614 90,16.
499 2577 544 2617 ἐφ’
566 2579 632 2618 ὗμιν
658 2589 790 2609 ποιησαν-

129 2628 187 2652 τες.
203 2629 270 2649 cum
288 2626 417 2650 vestram
434 2621 463 2650 in
487 2626 667 2659 potestatem
686 2621 790 2651 dedis-

132 2665 209 2690 sent.
231 2663 375 2697 300,10.
398 2662 446 2693 ἔστι
470 2665 529 2697 τοῖς
551 2663 667 2704 ἐχθροις
694 2664 790 2694 ἔσται.

129 2705 249 2738 420,1.
272 2703 318 2735 ἐπι
332 2705 370 2745 τῇ
384 2709 438 2735 τῶν
449 2705 561 2746 ῥητόρων
572 2708 686 2746 δυνάμει
697 2718 789 2736 κατα-

130 2756 238 2774 στησαι
264 2746 296 2775 τὸ
324 2749 467 2787 πρᾶγμα.
492 2750 566 2783 596,
592 2752 644 2779 21.
669 2748 716 2779 ἔπι
732 2761 790 2783 τοις

130 2787 244 2824 λέγουσι
264 2788 297 2818 τὲ
322 2789 543 2840 Βουλευτήςιον”
531 2803 627 2821 εσται.
647 2794 721 2828 604,
738 2795 790 2822 27

127 2830 175 2861 ἐπι
204 2830 294 2869 τούτῳ
323 2830 435 2869 ἐγίνετο,
460 2833 543 2863 ὁπότε
574 2833 698 2864 ζούλοιτο
724 2835 791 2874 ὑμῖν

128 2873 286 2902 ἀποδοῦναι.
308 2876 403 2909 1185,
421 2877 473 2905 13.
502 2878 543 2915 μὴ
571 2879 662 2907 ποιεῖν
674 2880 722 2908 τὴν
736 2879 792 2906 τῶν

128 2914 301 2954 Βουλομένων
330 2917 488 2947 ἀναλίσκειν
509 2919 677 2958 φιλοτιμίαν
691 2919 741 2950 ἐπὶ
754 2919 794 2949 τῆ’

127 2960 182 2988 τῶν
207 2958 340 2997 λεγόντων
361 2958 514 3000 πλεονεξίᾳ.
531 2963 626 2999 1234,
644 2965 693 2993 19.
714 2962 791 3002 μήτε

1449 157 1527 199 123

865 268 929 300 τοὺς
950 267 1058 307 νόμους,
1078 266 1154 306 μήθ’
1173 267 1251 305 ὖμές
1271 266 1371 300 αὖτοὶς
1390 264 1438 296 ἐπὶ
1466 265 1526 299 τοῖς

866 308 979 347 λέγουσι
1010 311 1106 345 ποιεῖν,
1135 308 1204 338 ἀλλ’
1230 309 1339 343 ἐκείνους
1372 307 1418 348 ἐφ’
1444 308 1523 347 ὑμῖν.

867 355 961 388 1341,
986 355 1034 383 15.
1084 352 1120 392 d)
1140 352 1286 387 adversus,
1313 352 1343 380 in
1374 351 1524 385 fraudem,

866 395 1016 432 damnum,
1039 395 1248 425 molestiamve
1268 394 1407 431 alicujus.
1425 392 1473 424 ἐπὶ
1487 393 1527 434 τξῖ

866 438 946 468 πόλει
967 438 1106 478 Θεραπεύει
1127 439 1204 472 τινὰς
1227 439 1283 466 τῶν
1296 435 1433 469 Θηβαίων.
1445 437 1526 466 'rhe-

865 482 1008 511 banorum
1025 481 1186 510 nonnullos
1199 479 1272 509 colit
1285 484 1315 508 et
1324 483 1526 517 promeretur,

865 534 924 562 quo
937 525 1131 563 reip.nostrae
1141 528 1258 554 noceat.
1268 524 1320 558 70,
1331 525 1381 553 16.
1397 520 1452 550 ἐπὶ
1467 522 1526 556 τοῖς

865 566 999 597 πλήθεσιν
1022 565 1075 606 ἰδία
1091 567 1219 606 δυνάμεις
1239 563 1432 604 κεκτημένους.
1450 566 1525 599 661,

866 612 916 639 17,
940 608 986 649 ἐφ’
998 611 1064 650 ἡμῖν
1082 609 1157 639 ὅντα.
1179 614 1282 638 eontra
1301 618 1356 637 nos
1371 606 1525 640 facientia,

864 653 951 681 nobis
966 652 1068 682 noxia.
1086 654 1226 688 665,15.
1251 650 1298 681 ἐπὶ
1321 651 1381 685 τοῖς
1399 650 1526 679 ἀδικοῦσι

864 697 913 725 την
935 694 1033 725 νισόλιν.
1051 698 1126 729 701,
1144 697 1194 724 14.
1217 695 1258 723 τὸ.
1283 692 1330 723 ἐπι
1356 693 1400 730 τῷ
1426 689 1527 722 πλήθει

864 736 1095 777 νενομοθετημένα
1109 738 1188 768 δεινά.
1204 739 1279 771 739,
1295 739 1325 766 6.
1348 747 1412 768 τους
1429 734 1526 774 νόμους

864 778 943 818 dis-ra,
957 780 1057 832 ὥσωερ
1073 779 1119 810 ἐπι
1142 792 1201 813 τοις
1223 780 1376 815 ἀδυνάτοις,
1392 776 1462 807 ου’τω
1479 788 1527 806 και

865 821 909 862 ἐφ’
933 823 1026 861 ἑαυτῳ
1048 823 1166 864 ἰσχύειν.
1180 825 1256 858 742,
1273 825 1323 852 20.
1347 830 1528 861 quamquam

864 866 922 896 hoc
938 867 976 895 ad
1000 866 1099 895 locum
1121 867 1156 896 de
1174 869 1205 895 et
1229 867 1261 895 in
1284 874 1406 904 quoque
1421 862 1530 893 referri

865 913 976 949 potest.
999 906 1045 947 ἐφ’
1065 909 1134 948 ὑμιν
1160 908 1256 942 αὐτοῖς
1277 906 1375 938 ἔσεσθε
1402 918 1435 935 το
1465 905 1530 938 ἔθος

864 953 949 981 τοῦτο
961 951 1213 986 κατεσκευακότες
1228 953 1324 985 1236,
1351 953 1381 980 5.
1403 948 1534 989 ὑπερηρεν

865 995 877 1024 ὁ
902 996 957 1025 τῶν
979 993 1103 1025 ἐναντίων
1131 996 1241 1033 ἡγεμὼν
1270 1004 1333 1026 τους
1363 991 1411 1022 ἐπι
1438 991 1531 1029 τούτῳ

863 1036 1046 1079 ταχθέντας.
1060 1037 1208 1067 adversus
1224 1047 1257 1066 se
1279 1040 1405 1065 stantes.
1435 1036 1531 1068 1395.

865 1082 917 1111 23.
955 1082 989 1119 e)
1004 1080 1047 1115 ob,
1059 1085 1189 1119 propter,
1217 1080 1282 1110 sive
1297 1089 1430 1113 causam,
1448 1078 1529 1106 unde

864 1133 913 1153 res
928 1124 1061 1162 profecta
1081 1128 1112 1152 et
1131 1123 1242 1152 effecta
1264 1122 1332 1156 suit,
1351 1122 1416 1150 sive
1440 1120 1529 1149 finem

864 1166 1053 1205 propositum
1087 1166 1245 1204 significat.
1274 1161 1370 1202 ἀδοξία
1397 1162 1444 1193 ἐπι
1471 1164 1531 1196 τοῖς

866 1208 1082 1248 πεπραγμένοις.
1110 1209 1274 1242 exsistens,
1295 1207 1488 1236 efflorescens
1512 1216 1529 1235 e

865 1252 1061 1287 facinoribus,
1089 1261 1124 1280 ea
1163 1260 1362 1288 consequens.
1392 1251 1442 1282 12,
1478 1250 1530 1279 19.

864 1298 968 1333 potest
981 1294 1038 1323 hoc
1054 1293 1145 1323 etiam
1162 1294 1200 1323 nd
1216 1293 1314 1322 locum
1332 1297 1394 1331 post
1409 1291 1529 1320 referri.

864 1337 937 1377 εἴπερ
963 1335 1010 1367 ἐπ
1035 1336 1163 1376 εἰργυρίω,
1191 1346 1247 1375 pro
1270 1335 1421 1370 mercede,
1437 1346 1468 1363 τι
1482 1332 1530 1363 λε-

863 1391 943 1417 γοιεν.
958 1381 1032 1415 398,
1051 1382 1100 1409 19.
1123 1390 1172 1410 την
1186 1377 1233 1408 ἐπι
1254 1380 1313 1412 τοῖς
1335 1377 1420 1417 ἔργοις
1439 1375 1528 1415 δόξαν.

864 1424 904 1452 ob
920 1423 1067 1462 praeclara
1091 1423 1237 1457 facinora,
1260 1422 1310 1451 vel
1338 1430 1354 1449 e
1385 1420 1528 1459 gloriosis

864 1465 962 1500 factis,
989 1465 1039 1494 vel
1060 1470 1131 1504 post
1152 1475 1187 1494 ea
1209 1464 1389 1494 venientem.
1405 1465 1458 1498 35,
1477 1466 1530 1492 11.

863 1510 919 1538 τῶν
939 1519 986 1538 επι
1010 1519 1118 1549 μικροις
1139 1507 1293 1547 λημμασι,
1310 1516 1376 1545 quae
1392 1512 1444 1535 aut
1459 1516 1527 1546 spe-

863 1556 942 1586 rant,
966 1556 1017 1581 aut
1036 1553 1097 1590 jam
1122 1551 1323 1584 abstulerunt,
1353 1551 1450 1579 πολλὰ
1481 1548 1532 1578 καὶ

863 1595 983 1634 μεγάλα
1011 1595 1087 1632 υμᾶς
1108 1593 1279 1645 αμαρτάνειν
1293 1592 1460 1622 πεισαντων.
1475 1592 1531 1626 58,

866 1640 896 1667 8.
920 1635 967 1667 ἐπ
982 1635 1073 1676 ἀνδρία
1089 1637 1187 1675 δόξαν
1181 1636 1264 1676 ε’χειν.
1283 1637 1356 1669 155,
1374 1638 1404 1664 4.
1428 1633 1475 1665 ἐπὶ
1491 1635 1530 1675 τῇ

864 1691 915 1713 της
934 1678 1002 1712 ιδίας
1026 1678 1184 1717 πλεονεξίας
1204 1678 1400 1713 ἐλπίδι.246,
1426 1680 1476 1707 14
1499 1677 1529 1707 οὗ

865 1725 919 1762 γαρ
945 1721 991 1752 ἐπ’
1017 1721 1100 1751 ευνοία
1127 1732 1170 1759 γε.
1198 1732 1256 1750 non
1284 1720 1362 1750 enim
1393 1721 1529 1759 profecto

867 1764 1086 1795 benevolentiae
1109 1775 1194 1803 ergo.
1220 1765 1295 1798 317,
1325 1766 1355 1794 8.
1389 1763 1453 1797 τοὺς
1481 1760 1531 1793 ἐπι

865 1819 1002 1850 χρημασι
1027 1806 1245 1847 λυμαινομένους
1269 1807 1329 1840 τοῖς
1352 1817 1530 1845 πραγμασι.

866 1861 922 1889 spe
960 1850 1051 1885 lucri,
1087 1855 1138 1879 aut
1176 1849 1312 1878 devincti
1359 1848 1530 1887 largitioni-

867 1895 934 1923 bus.
957 1895 1032 1929 447,
1057 1895 1108 1924 23.
1141 1891 1185 1931 ἐφ’
1209 1891 1318 1932 αι’ματι
1341 1891 1458 1931 φεύγειν.
1490 1891 1530 1920 01)

865 1940 983 1966 reatum
1013 1936 1106 1965 caedis
1143 1939 1342 1964 contractum.
1367 1936 1442 1968 548,
1473 1934 1529 1963 ult.

865 1978 952 2020 φέρειν
969 1981 1119 2020 χαλεπῶς
1143 1977 1192 2008 ἐπὶ
1206 1996 1259 2006 -.
1272 1978 1347 2012 550,
1368 1979 1398 2007 8.
1423 1975 1470 2006 ἐπ’
1485 1977 1529 2006 οῦ-

867 2021 926 2052 δενί.
940 2023 1023 2051 nulla
1045 2023 1083 2051 de
1106 2031 1207 2054 causa,
1228 2021 1277 2050 vel
1302 2020 1416 2050 nullum
1441 2020 1480 2048 ad
1495 2020 1530 2048 fi-

867 2075 945 2094 nem.
960 2067 1035 2100 558,
1049 2068 1079 2096 9.
1103 2063 1151 2094 {vri
1173 2063 1210 2104 τῇ
1225 2061 1455 2104 καταχειροτονία
1471 2060 1528 2101 μέ-

866 2118 923 2138 νων.
943 2119 980 2138 eo
1007 2107 1086 2146 quod
1116 2106 1212 2136 invito
1239 2105 1298 2135 sibi
1321 2105 1450 2135 Athenis
1466 2115 1529 2134 ma-

866 2151 998 2181 nendum
1028 2150 1147 2186 fuisset,
1168 2148 1276 2187 judicii
1307 2158 1410 2183 causa,
1439 2149 1529 2185 cujus

866 2194 983 2223 exitum
1010 2193 1248 2232 praestolaretur.
1274 2193 1349 2228 571,
1380 2191 1434 2221 ult.
1473 2189 1531 2220 ἐπι

867 2236 1099 2277 χρημασι.610,
1116 2238 1165 2265 12.
1188 2236 1264 2270 752,
1288 2236 1338 2264 19.
1359 2236 1413 2264 τῶν
1441 2232 1530 2273 νόμων

866 2290 986 2319 κρατειν,
1014 2277 1060 2318 ἐφ’
1083 2291 1120 2312 οις
1144 2275 1387 2317 εἰσεπέμφθησαν.
1404 2285 1530 2315 quarum

866 2323 1045 2351 tuendarum
1073 2324 1104 2349 et
1141 2319 1380 2349 exercendarum
1421 2318 1528 2357 gratia.

864 2366 941 2399 776,
956 2366 1007 2393 24.
1031 2365 1182 2393 παλλακὴν
1205 2373 1233 2391 ην
1261 2361 1293 2390 α’ν
1312 2372 1357 2394 τις
1382 2359 1429 2391 ἐπ’
1451 2359 1529 2390 ἔλευ-

865 2405 948 2447 Θέροις
972 2417 1079 2436 νω-αισιν
1101 2405 1165 2446 ἐ’χη.
1195 2408 1300 2444 potest
1322 2403 1405 2433 varie
1427 2403 1528 2434 reddi.

867 2449 986 2479 tametsi
1011 2449 1103 2478 alicui
1126 2447 1217 2477 liberi
1232 2446 1301 2476 sint.
1323 2446 1407 2481 item,
1423 2446 1451 2475 in
1474 2446 1528 2475 da-

866 2503 966 2522 mnum
982 2492 1156 2521 liberorum.
1170 2500 1227 2528 ego
1243 2499 1318 2519 vero
1335 2488 1380 2518 sic
1396 2488 1529 2518 arbitror

867 2535 1087 2574 accipiendum.
1101 2535 1141 2563 ob
1154 2533 1291 2562 hberos
1284 2541 1440 2571 ingenuos.
1454 2541 1528 2570 quo·

865 2589 931 2608 rum
948 2583 1046 2617 pater,
1061 2577 1173 2606 viduus
1185 2576 1294 2609 factus,
1311 2575 1452 2614 pellicem
1466 2573 1527 2603 sibi

867 2621 1032 2656 adsciscat,
1048 2630 1113 2658 quae
1130 2629 1230 2648 curam
1248 2617 1412 2646 liberorum
1430 2621 1527 2655 gerat,

865 2674 919 2694 eos
945 2664 1016 2699 alat,
1039 2663 1132 2697 lavet,
1157 2664 1268 2694 comat,
1290 2660 1413 2694 vestiat,
1432 2664 1531 2699 regat.

867 2709 941 2743 637,
956 2709 985 2736 5.
1010 2705 1064 2735 ἐπὶ
1084 2703 1173 2737 δίκαις
1195 2700 1347 2742 λαμςάνειν
1372 2701 1528 2743 χρήματα.

863 2747 1086 2788 jurisdictionis
1123 2756 1208 2785 ergo,
1238 2755 1298 2784 quo
1324 2746 1376 2783 jus
1395 2754 1529 2775 corrum-

866 2796 998 2830 patur,e
983 2796 1013 2820 et
1029 2790 1195 2819 secundum
1218 2787 1381 2827 largitores
1396 2787 1527 2819 dicatur

866 2836 963 2868 1137,
983 2834 1013 2864 5.
1047 2831 1102 2862 {wc
1123 2843 1191 2865 ταις
1212 2829 1412 2869 ἀποψηφίσεσι
1441 2841 1530 2862 κατγ-

865 2878 984 2917 γοροῖὶσι.
1009 2877 1104 2910 1300,
1130 2876 1181 2903 12.
1205 2872 1252 2903 ἔπι
1277 2873 1336 2906 τοῖς
1364 2872 1531 2912 γιγνομένοις

867 2930 961 2971 ‘agam
975 2916 1070 2958 φέρειν.
1097 2919 1191 2951 1339,
1215 2918 1267 2946 20.
1290 2917 1345 2945 τῶν
1369 2915 1467 2954 νόμων,
1485 2915 1532 2955 ἐφ’

867 2960 904 2995 οἷς
919 2961 999 2997 ἐστὲ,
1026 2958 1244 3000 διαφθαρέντων.
1271 2959 1341 2989 tiber
1356 2958 1478 2989 welchen
1494 2970 1531 2989 zu
