1910 3187
600 133 1091 177 DEMOSTHENEAE.
1541 139 1563 178 7

161 245 194 274 in
213 253 362 275 summum
384 243 498 272 deveni
519 241 682 273 discrimen
704 239 825 279 capitis,

160 297 213 317 seu
228 285 387 320 libertatis,
400 295 437 315 ne
448 285 559 315 amissa
570 282 756 324 ingenuitate
770 292 823 321 pro

159 328 315 369 mancipio
338 329 481 358 venirem.
507 329 598 361 1188,
620 328 650 354 4.
686 324 824 363 πξοσδόκα

159 370 214 411 ἐμὲ
236 369 356 410 ἑτοίμως
377 369 403 400 ἐν
423 371 506 407 ἀγῶνι
527 366 690 407 γενήσεσθαι
705 368 756 400 τῆς
775 367 825 399 σῆς

160 413 341 452 δοκιμασίας.
371 422 546 453 persuasum
576 411 632 439 tibi
661 409 750 444 habe,
777 418 824 438 me

159 456 305 486 scrutinio
317 461 369 486 tuo
380 455 507 485 libenter
519 452 725 483 interfuturum
745 462 822 486 esse,

158 507 221 538 quo
238 504 385 538 spectem,
399 506 489 536 quem
505 495 619 525 exitum
635 494 664 524 id
683 494 723 524 sit
737 494 824 524 sorti-

162 547 273 570 turum.
290 542 384 574 1417,
400 541 453 569 10.

117 582 236 623 ἀγωνία]
272 581 446 623 trepidatio,
475 579 606 609 formido
640 579 680 608 de
710 579 824 608 futuro-

160 635 225 655 rum
245 631 365 655 eventu.
382 623 453 653 οὕτω
469 621 492 651 δ’
502 620 533 653 ’ἦν
548 620 689 654 Φίλιππος
706 620 731 650 ἐν
746 621 824 660 φόβῳ

158 668 206 696 καὶ
221 667 313 707 πολλῇ
327 664 523 705 ἀγωνίᾳ.236,
534 667 582 696 19.
611 664 822 703 b)contentio.

126 721 128 723 ·
157 710 274 739 ἅπασαν
297 707 378 747 ᾤοντο
399 708 450 737 δεῖν
473 707 586 746 ἀγωνίαν
608 705 723 736 ἔκτίναι.
748 706 824 735 nihil

156 752 216 781 sibi
230 752 269 782 ad
285 751 513 781 contentionem
529 761 595 780 esse
612 750 760 789 reliquum
778 749 822 778 fa-

156 793 412 829 ciendum.1398‚
422 796 473 823 20.
499 792 533 830 c)
546 792 629 822 idem
643 792 725 832 quod
739 792 822 829 ἀγών.

155 835 261 866 ταύτην
291 838 340 868 τῆν
368 834 484 874 ἀγωνίαν
511 836 546 870 ὡς
576 837 662 865 καλὴν
691 834 823 875 προείλου.

155 887 247 918 quam
262 879 441 919 praeclarum
454 883 486 908 et
498 878 695 919 splendidum
712 878 768 907 hoc
785 877 825 906 sit

154 930 249 960 genus
264 921 449 956 certaminis,
467 921 498 950 in
521 931 583 960 quo
608 925 641 950 tu
662 919 719 949 tibi
739 920 821 950 dele·

153 962 234 1002 gisti,
249 968 284 992 ut
298 963 478 993 elaborares.
492 965 588 999 1408,
599 965 630 993 6.

109 1003 309 1045 ἀγωνίζεσθαι]
325 1005 357 1035 in
374 1005 550 1036 discrimine
563 1005 684 1040 versari,
696 1010 822 1039 certare,

154 1047 194 1077 de
212 1048 331 1087 spiritu,
353 1048 392 1077 de
414 1047 528 1086 capite,
553 1048 594 1076 de
618 1047 756 1080 fortunis,
783 1047 822 1076 de

152 1090 269 1120 tuendo
293 1095 375 1120 statu
395 1089 490 1124 civili,
509 1089 550 1118 de
571 1088 698 1118 crimine
719 1088 822 1129 aliquo

152 1133 328 1172 purgando,
340 1133 379 1162 de
392 1131 597 1171 approbanda
606 1136 668 1160 arte
680 1141 734 1160 sua
743 1131 823 1171 ejus-

152 1185 213 1215 que
228 1174 354 1205 victoria
376 1174 542 1213 potiunda:
565 1174 671 1213 itaque
693 1183 821 1212 usurpa-

152 1221 201 1247 tur
223 1217 263 1247 de
286 1216 483 1247 histrionibus
506 1216 537 1245 in
559 1215 670 1245 fabulis
691 1215 820 1245 scenicis

150 1264 256 1299 partes
281 1258 453 1299 agentibus,
480 1258 552 1288 item
580 1258 620 1287 de
643 1263 820 1288 accusatore

152 1311 244 1332 reove
259 1311 382 1331 causam
395 1306 518 1341 agente,
533 1310 590 1330 nec
607 1310 669 1330 non
685 1300 724 1329 de
740 1310 771 1330 re
787 1300 819 1330 in

149 1344 350 1385 quaestionem
374 1349 467 1383 atque
487 1342 744 1383 disceptationem
767 1352 819 1372 ve-

149 1387 262 1417 niente.
285 1385 383 1416 Μόλων
406 1385 546 1426 (histrio)
567 1384 721 1424 ἠγωνίζετο.
744 1387 818 1421 418,

148 1430 180 1460 5.
202 1428 223 1458 ἃ
237 1428 291 1469 μὲν
305 1428 386 1469 (scil.
402 1429 540 1469 δςάμοιτα
555 1427 688 1468 σκηνικά)
698 1429 817 1458 ’ωόλλά-

148 1482 192 1506 κις
206 1470 339 1509 ἦγωνίσω.
355 1474 430 1506 420,
445 1475 475 1502 4.
499 1471 547 1501 οὐκ.
568 1469 622 1500 ἐπὶ
646 1473 701 1501 τῶν
720 1473 818 1510 καιρῶν

148 1514 286 1554 μελετᾷ-ι,
309 1512 378 1544 ἀλλ’
392 1514 512 1554 ἀκριβῶς
533 1512 724 1552 ἀγωνίζεσθαι
746 1513 816 1544 {wl-

148 1555 289 1587 στασθαι.
311 1567 406 1598 opera
422 1557 524 1587 danda
540 1562 598 1594 est,
612 1562 645 1586 ut
660 1567 720 1597 quo
740 1562 816 1586 tem-

148 1609 225 1639 pore
241 1604 343 1640 partes
364 1599 446 1629 urbis
466 1604 574 1630 nostrae
596 1599 762 1629 recitandae
785 1604 816 1629 et

148 1643 279 1682 agendae
295 1642 433 1679 veniunt,
454 1652 516 1672 non
537 1647 600 1672 tum
617 1643 741 1672 demum
763 1652 814 1672 eas

147 1685 298 1714 memoriae
318 1684 444 1725 infigere
468 1690 563 1725 atque
591 1684 816 1715 exercitationis

145 1727 816 1767 usumaliquemfrequentationerepetitionis

147 1769 283 1810 arripere
304 1771 540 1805 contendamus,
564 1770 619 1800 sed
644 1775 677 1799 ut
700 1780 813 1800 memo-

146 1812 218 1842 riter
232 1821 284 1842 eas
297 1817 465 1847 teneamus,
482 1817 575 1853 atque
587 1822 662 1842 voce
671 1818 703 1842 et
718 1813 813 1842 actio·

145 1864 185 1884 ne
195 1859 414 1895 repraesentare
429 1860 547 1895 promte
557 1860 590 1884 et
605 1864 673 1885 curu
686 1855 812 1885 artificio

145 1897 285 1927 sciamus.
297 1900 392 1932 1414,
402 1900 453 1928 12.
464 1897 503 1938 τῇ
515 1897 595 1935 τάξει
605 1897 723 1938 (rerum
737 1903 812 1937 puta

144 1939 178 1968 in
191 1940 377 1969 orationibus
387 1939 558 1969 forensibus
570 1939 812 1979 tractandarum)

143 1981 192 2011 καὶ
203 1982 241 2022 τῇ
253 1980 403 2021 ἀπολογίᾳ,
415 1982 451 2015 ὡς
466 1980 599 2014 Βούλεται
615 1983 669 2010 τῶν
681 1980 810 2021 ἀγωνιζο-

142 2022 231 2063 μένων
251 2022 382 2059 ἕκαστος,
403 2023 474 2053 οὕτω
494 2022 627 2065 χρῆσθαι.
655 2026 730 2059 226,
754 2026 806 2054 12.

141 2065 317 2105 ἀναγκάζετε
329 2065 420 2101 αὐτὸν,
433 2065 500 2105 ὑπὲρ
511 2064 547 2095 ὤν
557 2064 734 2104 ἀγωνίζεται,
747 2066 807 2106 περὶ

143 2109 248 2138 τούτων
257 2108 303 2138 καὶ
315 2107 529 2146 ἀπολογεῖσθαι.
539 2111 614 2144 407,
626 2111 678 2139 27.
687 2110 810 2147 ἀγωνιεῖ-

142 2161 194 2180 ται
207 2151 255 2180 καὶ
269 2149 431 2190 ιιςιθήσεται
442 2150 474 2180 τὸ
486 2153 611 2191 πρᾶγμα
621 2153 716 2182 τοῦτο.
734 2152 810 2189 516,

145 2195 197 2224 19.
219 2194 232 2222 ὁ
248 2193 288 2222 νῦν
302 2193 496 2233 ἀγωνιζόμενος
510 2194 600 2233 νόμος.
616 2194 664 2224 lex
679 2204 762 2225 nunc
777 2196 810 2225 in

142 2235 378 2266 controversiam
389 2236 582 2271 adducta,de
595 2246 655 2276 qua
666 2242 810 2272 certatur,

142 2277 222 2308 sitne
236 2278 406 2318 probanda,
417 2288 457 2308 an
471 2278 674 2318 repudianda.
687 2281 763 2315 709,
778 2282 797 2308 7
802 2300 809 2308 .

141 2320 246 2361 γραφῆν
259 2319 441 2360 ἀγωνίζεσθαι
457 2320 635 2360 παρανόμως.
659 2322 733 2357 653,
755 2324 808 2353 25.

139 2361 280 2403 ἀτίμητον
293 2360 465 2400 ἀγωνίσηται
477 2362 543 2392 δέκα
553 2365 627 2402 μνῶν
639 2362 721 2393 δίκην.
733 2364 809 2400 543,

142 2408 194 2436 17.
217 2405 263 2435 δ’τε
284 2404 429 2445 ἦγωνίζετο
453 2406 501 2435 την
530 2404 664 2445 πςοτὲξαν
689 2405 806 2445 ἔνδειξιν.

142 2449 215 2483 806,
231 2450 282 2478 14.
304 2447 355 2482 ἕως
366 2448 398 2477 ἂν
407 2451 463 2477 τῶν
475 2446 718 2489 ψευδομαρτυριῶν
725 2449 805 2489 (scil.

140 2488 228 2531 δίκην)
252 2489 451 2528 ἀγωνίσωνται.
479 2493 555 2525 741,
580 2493 633 2521 20.
664 2490 730 2530 πρὸς
758 2493 807 2522 τὴν

140 2532 210 2562 κατ’
230 2531 331 2563 ἐκείνων
357 2531 720 2573 αἰτίαν-ἀγωνιζόμεθα.
738 2543 805 2564 eer-

139 2575 266 2605 taudum
283 2576 370 2605 nobis
385 2581 431 2606 est
452 2586 514 2606 non
538 2577 681 2606 adversus
700 2586 804 2607 verum

140 2617 266 2657 aliquod
288 2618 400 2648 crimen
426 2619 514 2648 nobis
536 2619 720 2654 incusatum,
749 2620 804 2649 sed

139 2659 284 2690 adversus
299 2660 446 2691 invidiam
461 2661 499 2691 ab
515 2661 573 2691 illis
588 2661 683 2696 falsis,
698 2662 804 2692 subdi-

140 2701 216 2731 titiis
231 2701 349 2732 civibus
369 2708 511 2733 creatam.
534 2706 629 2740 1299,
653 2706 704 2735 21.
727 2704 804 2734 ὥστε

138 2743 191 2774 νυνὶ
213 2742 272 2781 περὶ
295 2743 398 2774 τούτων
420 2747 487 2784 ἡμῖν
501 2745 551 2786 (id
571 2752 620 2776 est
634 2746 698 2787 πρὸς
713 2746 805 2787 ἡμᾶς)

140 2783 335 2826 ἀγωνίζεσθαι.
357 2789 452 2822 1073,
478 2791 528 2817 11.
558 2787 580 2816 εἶ
605 2790 658 2827 γὰρ
679 2789 805 2824 ἅπαντες

137 2826 268 2858 δουλεύειν
283 2829 503 2869 συγχωρήσωσιν
523 2829 545 2858 οἶ
567 2829 660 2866 ἄλλοι,
685 2832 752 2871 ὑμῖν
771 2843 803 2870 γε

137 2870 205 2911 ὑπὲρ
227 2871 278 2903 τῆς
298 2868 456 2911 ἐλευθερίας
476 2872 650 2910 ἀγωνιστέον.
676 2876 749 2909 129,
771 2877 801 2905 5.

139 2912 182 2944 ἀεὶ
193 2912 262 2953 περὶ
272 2912 416 2953 &gannim
427 2913 475 2945 καὶ
485 2915 573 2954 τιμῆς
583 2916 630 2945 καὶ
640 2914 716 2955 δόξης
728 2917 803 2955 ἀγω-

901 240 1037 280 νιζομένην
1051 243 1098 271 τήν
1114 239 1245 280 πατξίδα.
1269 243 1342 277 247,
1364 243 1394 272 5.
1419 245 1472 273 τῶν
1489 244 1564 281 ἀγώ-

900 294 958 318 νων,
974 283 1016 316 οὓς
1031 284 1113 321 ὑμεῖς
1128 283 1196 322 περὶ
1210 285 1260 316 τῆς
1276 283 1373 325 ψυχῖς
1386 285 1566 322 symae-aces.

901 328 976 360 314,
994 327 1041 354 16.
1064 327 1145 365 μετὰ
1167 325 1277 354 πάντων
1298 326 1474 365 ἀγωνίζονται
1501 328 1566 369 πξός

901 369 966 401 τοὺς
980 366 1214 409 ἀντιταχθέντας.
1233 370 1306 402 155,
1322 371 1353 398 8.

859 411 1028 452 ἀγωνιστὴς]
1059 411 1112 451 qui
1141 411 1314 444 exercenda
1344 413 1477 451 quadam
1501 419 1565 444 arte

902 453 1043 483 studiove
1068 453 1228 483 contendit
1250 453 1386 483 habiturn
1410 455 1477 495 ejus
1501 457 1566 486 adi-

903 496 991 536 pisci.
1007 495 1083 536 ἀκρον
1094 495 1259 533 ἀγωνιστὴν,
1269 495 1439 536 perfectum
1457 503 1485 527 te
1498 498 1565 528 fieri

903 544 933 568 et
941 542 1182 568 consummatum
1191 539 1348 573 artificem,
1359 538 1485 577 γενέσθαι
1499 541 1567 580 (ge-

901 581 1037 611 ometriae
1059 586 1145 621 puta,
1167 580 1350 611 similiuinve
1376 582 1503 622 artium)
1518 584 1568 616 τῆς

901 626 954 656 σῖς
978 623 1059 662 ἀξίας
1087 622 1283 663 ταπεινότεξον.
1309 626 1404 659 1414,
1433 627 1482 654 20.
1505 626 1570 658 τοὺς

902 669 1030 700 ποιητὰς,
1041 667 1104 699 τοὺς
1114 667 1221 706 χοροὺς,
1234 667 1298 699 τοὺς
1309 666 1480 703 ἀγωνιστάς.
1493 669 1568 702 331,

903 712 931 738 1.
954 710 1109 745 ἀγωνιστῗς
1130 707 1285 748 πξοῇρημαι
1307 710 1420 747 μᾶλλον
1435 708 1500 740 εῖναι
1516 710 1573 738 τᾶἷν

901 750 996 785 πόνων,
1013 750 1026 778 ῗι
1042 750 1212 784 διδοίςκαλος
1226 750 1281 779 τῶν
1294 749 1395 780 ἄθλων.
1411 754 1505 788 1415,
1515 755 1567 782 27.

857 792 1047 832 ἀγωνοθετεῖν]
1070 793 1158 822 ludos
1182 794 1354 833 gymnicos,
1371 799 1423 824 aut
1449 805 1503 834 per
1525 805 1569 831 se,

902 842 954 865 aut
969 846 1023 876 per
1040 836 1168 875 legatos,
1189 836 1363 871 instituere,
1382 846 1498 873 curare,
1514 847 1569 878 ap-

902 889 1018 918 parare,
1032 879 1194 918 praesidere
1208 878 1239 907 in
1256 878 1303 912 iis,
1319 879 1436 917 palmas
1451 885 1483 910 et
1497 890 1567 919 pro-

902 931 1013 960 ponere
1030 926 1062 950 et
1081 921 1271 950 distribuere.
1288 922 1352 953 τοὺς
1371 921 1478 956 δούλους
1494 923 1568 961 ἀγω-

898 963 1100 996 νοθετήσοντας
1112 962 1245 1002 πέμπει.
1259 966 1332 998 119,
1350 966 1402 995 13.

857 1005 1049 1046 ἀγωνοθέτης]
1065 1006 1117 1046 qui
1130 1005 1161 1035 in
1174 1005 1387 1036 certaminibus
1399 1007 1566 1037 victoribus

899 1048 1016 1088 palmas
1041 1049 1242 1085 dispensaret,
1262 1054 1296 1077 ut
1317 1048 1349 1078 in
1373 1049 1567 1080 Liberalibus

899 1090 999 1130 poetis
1015 1095 1046 1119 et
1061 1090 1276 1120 histrionibus:
1293 1092 1418 1121 curabat
1432 1093 1517 1129 item,
1535 1098 1569 1123 ut

899 1143 916 1162 a
949 1132 1062 1172 populo
1091 1132 1335 1162 coronandorum
1363 1135 1487 1164 nomina
1512 1146 1567 1175 per

898 1184 1069 1214 praeconeru
1088 1174 1342 1214 significarentur.
1359 1179 1409 1209 τῆς
1423 1177 1451 1206 δὲ
1466 1178 1567 1215 ἀναγο-

896 1216 1010 1256 ρεύσεως
1032 1218 1081 1245 τοῦ
1107 1217 1248 1255 στεφάνου
1271 1215 1488 1256 ἐπιμεληθῆναι
1517 1222 1567 1250 τῆν

896 1259 1115 1298 πρυτανεύουσαν
1130 1261 1228 1299 φυλὴν,
1248 1258 1297 1288 καῖ
1319 1258 1364 1289 τὸν
1379 1260 1563 1300 ἀγωνοθέτην.

896 1304 970 1335 253,
990 1302 1042 1332 ult.
1060 1303 1136 1337 266,
1155 1306 1183 1331 1.
1199 1307 1232 1331 et
1248 1304 1323 1337 267,
1340 1306 1370 1332 1.

852 1344 941 1379 ἀδεῆς,
953 1344 1044 1384 ἀδεὲς]
1061 1345 1144 1383 quod
1161 1350 1245 1374 metu
1257 1351 1354 1375 vacat.
1370 1346 1398 1375 οὐ
1412 1349 1464 1385 γὰρ
1475 1346 1563 1386 ἔγωγε

895 1386 975 1417 τοῦτ’
983 1387 1059 1420 ἀδεὲς
1070 1385 1264 1426 ὑπολαμέἀνω
1273 1388 1310 1428 τῇ
1321 1388 1411 1418 πόλει.
1424 1391 1498 1425 207,
1511 1393 1565 1420 22.

852 1428 946 1470 ἄδεια]
966 1429 1124 1465 securitas,
1141 1430 1180 1460 ab
1196 1430 1358 1460 insultibus
1374 1431 1492 1468 alienis,
1509 1434 1565 1463 im·

895 1473 1038 1507 munitas,
1059 1473 1237 1512 impunitas,
1257 1473 1488 1510 inviolabilitas,
1510 1486 1564 1506 seu

893 1515 1049 1556 majestas,
1062 1526 1123 1556 qua
1138 1516 1205 1556 quis
1221 1523 1432 1547 sacrosanctus
1448 1523 1504 1548 est.
1519 1518 1564 1558 τῷ

892 1560 944 1591 τῆς
966 1557 1069 1599 τέχνης
1092 1558 1291 1598 ’τιτξοσχῖιματι
1313 1558 1405 1593 ἀδείας
1424 1560 1564 1601 τυχόντα.

893 1603 946 1635 58,
962 1603 1013 1630 16.
1037 1611 1107 1630 narn
1123 1602 1285 1630 histriones
1302 1601 1420 1632 Bacchi
1435 1604 1562 1634 ministri

892 1643 1098 1678 habebantur,
1114 1653 1214 1683 eoque
1231 1645 1427 1680 sacrosancti,
1444 1651 1477 1674 ut
1494 1651 1559 1676 tuto

892 1692 924 1716 et
939 1687 1003 1716 sine
1018 1697 1099 1716 noxa
1113 1686 1217 1716 liceret
1240 1686 1272 1716 in
1292 1686 1513 1718 Macedoniam
1530 1694 1562 1719 et

891 1734 969 1759 retro
985 1729 1194 1768 commigrare,
1213 1728 1364 1769 flagrante
1380 1730 1561 1771 Philippum

890 1771 970 1802 inter
981 1777 1012 1802 et
1027 1771 1142 1801 Athen.
1159 1772 1250 1801 bello.
1265 1772 1315 1800 καὶ
1328 1772 1354 1801 εἶ’
1366 1784 1395 1801 τι
1410 1772 1483 1803 ἄλλο
1498 1773 1561 1806 βού-

890 1814 980 1844 λεσθε
996 1816 1101 1849 «ποιεῖν,
1115 1815 1182 1854 ὑμῖν
1196 1812 1320 1853 ἐξουσίαν
1333 1814 1381 1844 καὶ
1398 1815 1489 1845 ἄδειαν
1503 1826 1561 1845 πα-

889 1857 1105 1896 ρασκευάσουσι.
1129 1859 1205 1893 171,
1225 1859 1256 1886 7.
1280 1858 1345 1890 τοὺς
1360 1856 1415 1886 ἐπὶ
1430 1859 1490 1892 τοῖς
1503 1869 1560 1888 κοι-

889 1900 940 1933 νοῖς
951 1899 1154 1940 ἀτυχήμασιν,
1169 1896 1202 1929 §v
1215 1898 1332 1939 ἔφξόνουν
1344 1898 1478 1934 λαβόντες
1487 1901 1562 1932 ἄδει-

890 1952 933 1977 αν,
948 1941 981 1970 id
997 1948 1055 1977 est,
1070 1939 1196 1980 ἐξουσίαν
1210 1944 1260 1971 τοῦ
1277 1943 1374 1971 ταῦτα.
1396 1943 1482 1976 ἀδεῶς
1504 1951 1561 1982 φα-

889 1983 1014 2023 νεςςῗῖσαι.
1040 1986 1115 2014 321.
1141 1987 1191 2014 10.
1224 1985 1238 2014 ἦ
1266 1983 1324 2013 ἀπὸ
1349 1985 1405 2014 τῶν
1433 1985 1561 2019 Θηβαίων

888 2025 965 2055 ἄδεια
979 2027 1098 2066 ὑπῆρχεν
1109 2027 1187 2066 ἡμῖν.
1199 2027 1297 2056 securi
1306 2037 1423 2057 eramus
1434 2038 1451 2057 a
1460 2028 1560 2059 Theb.

889 2067 1020 2108 injuriis.
1032 2071 1107 2103 367,
1125 2072 1174 2099 12.
1193 2067 1230 2103 οἷς
1245 2069 1276 2098 ἂν
1288 2069 1301 2098 ἦ
1314 2069 1396 2103 πόλις
1406 2072 1468 2100 τινα
1484 2071 1557 2101 ἄδει-

889 2121 932 2144 αν,
956 2111 970 2141 ἢ
993 2110 1224 2151 στεφανηφορίαν,
1249 2110 1263 2141 ἢ
1285 2112 1372 2151 τιμήν
1398 2123 1461 2142 τινα
1485 2113 1558 2153 διδᾷἶ.

888 2154 963 2189 525,
980 2155 1010 2183 2.
1034 2155 1083 2184 την
1097 2154 1200 2189 ἄδειαν,
1221 2153 1287 2194 (jus
1308 2160 1339 2184 et
1361 2165 1446 2193 spem
1465 2160 1556 2197 atque

887 2195 1031 2226 fiduciam
1046 2196 1077 2226 in
1102 2196 1228 2237 publico
1248 2197 1341 2227 libere
1365 2200 1558 2229 commeandi

887 2239 953 2269 sine
969 2243 1052 2269 metu
1068 2240 1258 2280 accipiendae
1270 2240 1479 2277 contumeliae)
1494 2241 1522 2271 ἢν
1533 2243 1555 2272 οἳ

886 2280 962 2319 νόμοι
976 2283 1058 2311 κοινῆν
1071 2283 1138 2321 ἡμῖν
1152 2279 1246 2311 οὐσίαν
1257 2282 1424 2322 παρέχουσι.
1437 2286 1511 2319 582,
1525 2287 1556 2314 8.

886 2323 908 2352 εἶ
924 2322 995 2352 οὕτω
1016 2325 1082 2357 τοὺς
1106 2323 1201 2360 νόμους
1221 2323 1316 2358 &ho-sa,
1326 2342 1367 2346 --
1378 2323 1449 2361 μετ’
1463 2325 1556 2359 ἀδείας

885 2366 935 2404 (id
952 2371 998 2395 est
1012 2363 1060 2395 ἔπ’
1073 2365 1164 2404 ἀδείᾳ)
1184 2367 1250 2398 τοὺς
1271 2367 1402 2405 ’ωονηξοίις
1421 2366 1554 2398 ἔσεσθαι.

885 2410 959 2442 601,
977 2410 1027 2438 13.
1052 2410 1100 2438 τὴν
1116 2408 1171 2447 μὲν
1190 2407 1271 2437 πόλιν
1289 2408 1402 2446 ἑκάστω
1417 2409 1497 2448 ἡμῶν
1513 2411 1555 2441 δε-

884 2449 995 2480 δωκέναι
1019 2449 1110 2479 ἄδειαν
1130 2451 1179 2480 τοῦ
1208 2450 1251 2489 μή
1281 2462 1311 2479 τι
1336 2451 1441 2481 παθεῖν
1463 2452 1552 2486 ἀηδές.

883 2495 958 2528 709,
984 2495 1036 2522 27.
1058 2491 1118 2526 τοῖς
1143 2494 1184 2522 τὰ
1205 2494 1278 2522 κοινοὶ
1302 2493 1427 2523 ἀδικοῖο-ι
1448 2494 1554 2525 δίδωσιν

883 2535 974 2565 ἄδειαν
995 2535 1077 2576 (scil.
1092 2536 1142 2565 τοῦ
1162 2536 1246 2565 τοῦτο
1269 2535 1380 2575 ποιεῖν).
1401 2538 1475 2572 732,
1499 2541 1552 2569 12.

884 2579 937 2608 ποῖ
946 2579 999 2618 χρῆ
1020 2576 1207 2617 πορευθέντας
1229 2577 1321 2612 ἀδείας
1345 2580 1421 2617 παρα
1446 2579 1552 2611 τούτων

883 2622 992 2662 τυχεῖν.
1008 2630 1070 2661 quo
1088 2621 1134 2651 fas
1150 2621 1207 2651 erit
1226 2620 1280 2655 ire,
1299 2631 1361 2660 quo
1376 2621 1552 2663 confugere,

883 2669 918 2693 ut
944 2663 1002 2693 tuti
1033 2664 1072 2693 ab
1097 2664 1204 2693 horum
1227 2663 1419 2693 contumeliis
1442 2664 1547 2696 simus.

884 2708 982 2741 1342,
997 2708 1050 2736 22.

838 2746 926 2789 ᾄδειν]
954 2747 1181 2778 κατακλίνεσθαι
1206 2746 1254 2777 καί
1273 2758 1303 2777 τι
1323 2747 1371 2777 καὶ
1393 2747 1466 2788 ᾄδειν
1491 2749 1550 2780 ἐκέ-

882 2796 967 2820 λευον.
981 2793 1057 2826 402,
1074 2793 1125 2820 24.
1148 2787 1193 2830 ᾖδε
1213 2791 1266 2830 γὰρ
1286 2791 1349 2824 τοὺς
1370 2791 1553 2832 ἀλεκτρυόνας

881 2833 1057 2873 μιμούμενος
1070 2834 1133 2866 τοὺς
1146 2831 1325 2866 νενικηκότας.
1342 2836 1438 2868 1259,
1450 2837 1502 2865 20.
1527 2837 1549 2865 οῖ

881 2876 939 2905 τῶν
948 2874 1085 2916 ᾀδομένων
1094 2874 1226 2906 ποιηταί.
1237 2880 1338 2917 poetae
1349 2875 1548 2917 lyrici.1391‚
