1822 3187
194 123 278 164 300

241 227 279 256 de
295 226 452 256 Tenediis.
468 228 564 261 1333,
582 230 632 257 1⁶2.

199 271 401 305 Autonomus,
419 270 520 300 scriba
532 270 712 300 Antimachi.
730 273 825 304 1186,
837 279 906 308 pen.

201 313 446 351 Autophradates
462 313 691 353 comprehendit
714 314 906 347 Artabazum,

244 356 351 394 Lydiae
375 361 406 385 et
422 357 514 386 louiae
540 357 708 397 Satrapam,
729 356 781 385 sed
804 366 909 384 rursus

244 409 313 429 eum
330 399 466 430 dimittit.
480 402 553 437 671,
570 402 599 429 4.

535 529 574 557 B.

205 614 370 648 Bacchius.
397 615 447 644 vel
476 614 627 644 Caecllius
650 613 721 653 (sed
756 612 840 651 prius
867 616 913 640 est

248 659 378 694 verius),
397 659 486 687 homo
507 658 673 691 obscurus,
690 667 705 686 e
723 656 837 685 familia
854 656 914 684 Co-

248 701 344 730 nonis.
364 704 456 736 1269,
472 701 502 730 5.

205 744 386 783 Bathippus,
400 745 498 782 legem
518 744 652 782 Leptinae
670 752 845 782 oppugnare
863 752 914 780 ag-

249 797 450 826 gressus,non
463 788 560 816 suerat
573 792 704 825 coeptum
721 791 913 825 persecutus,

249 840 305 860 seu
331 831 459 869 pecunia
483 831 632 868 plac-atus,
661 839 713 858 seu
741 828 914 858 valetudine

248 873 424 911 impeditus,
442 884 494 902 seu
511 874 570 902 fato
586 873 816 901 interveniente.
840 873 914 906 451,

251 925 366 954 argum.
384 920 414 946 8.
429 918 502 950 4:33,
519 919 569 944 14.
585 918 658 948 501,
675 918 704 945 8.
719 925 747 943 v.
766 913 915 952 Aphepsio.

209 959 386 1000 Bathyllus,
404 959 482 988 tilius
500 958 669 995 Polyarati.
687 959 780 992 1009,
799 959 849 986 96.

210 1002 336 1030 Berisad
343 1012 387 1037 es,
399 1002 559 1041 Βηρισάδης,
570 1001 694 1038 regulus
703 1000 855 1034 Thraciae,
866 999 914 1029 vel

253 1045 356 1074 Ponti.
384 1048 458 1079 624,
485 1048 514 1074 1.
540 1055 585 1082 sq.
611 1045 776 1073 foederatus
804 1044 916 1072 Athen.

252 1088 328 1117 ibid.
354 1088 483 1117 remittit
514 1086 754 1125 negotiatoribus
785 1086 915 1123 vectigal

252 1131 394 1160 frumenti
410 1131 542 1161 Athenas
558 1129 759 1160 convellendi.
778 1132 850 1163 917,
865 1132 916 1159 2-1.

253 1173 306 1203 ubi
322 1178 477 1203 exaratum
495 1173 645 1213 reperitur
661 1173 717 1203 hoc
735 1183 841 1202 nomen
858 1179 917 1201 Πει-

253 1217 388 1257 ρεισάδης.
419 1217 516 1255 gessit
554 1227 621 1246 cum
652 1216 765 1255 Scytha
796 1216 917 1245 bellum.

254 1262 329 1296 909,
346 1262 397 1290 22.
435 1260 613 1294 Berisaden,
628 1260 676 1288 vel
696 1260 873 1293 Parisaden,
889 1259 917 1287 in

252 1313 348 1342 regno
379 1303 482 1338 Ponti,
509 1303 595 1332 fratri
623 1303 767 1342 Spartaco
797 1312 919 1330 sncces-

253 1345 342 1382 sisse,
353 1346 446 1375 tradit
458 1345 614 1375 Diodorus
627 1347 662 1375 ad
675 1355 781 1374 annum
794 1346 918 1383 Olymp.

253 1391 328 1418 107.
343 1394 482 1428 quartum
499 1399 528 1426 p.
543 1390 616 1418 123.
627 1399 729 1418 verum
744 1388 919 1418 Wesselin-

254 1432 324 1471 gius
354 1436 444 1470 negat
475 1431 661 1461 Diodoreum
693 1432 822 1460 eundem
853 1441 920 1460 esse

255 1485 323 1504 cum
341 1474 588 1504 Demosthenico.

216 1516 340 1553 Bianor,
368 1518 460 1547 frater
488 1517 594 1547 uxoris
631 1516 789 1551 Amadoci,
820 1515 920 1553 reguli

255 1561 402 1591 Thraciae.
427 1562 500 1596 6⁶24,
517 1562 546 1590 6.
570 1559 695 1589 civitate
719 1561 848 1589 donatus
866 1560 922 1588 suit

257 1605 296 1632 ab
312 1603 560 1633 Atheniensibus.
576 1605 646 1632 ibid.
663 1606 713 1633 15.

214 1646 360 1686 Blepaeus
375 1647 534 1686 trapezita.
550 1648 626 1681 583,
643 1649 694 1676 17.
713 1647 807 1681 1023,
826 1649 877 1677 19.

215 1690 356 1725 Boeotus,
384 1691 477 1719 frater
507 1690 682 1727 Plangonis,
711 1700 727 1719 e
756 1699 816 1728 qno
843 1689 921 1718 filius

258 1733 434 1771 Plangonis,
461 1743 478 1762 a
506 1733 624 1762 Mantia
647 1737 840 1772 procreatus,
865 1732 923 1761 suit

258 1776 440 1815 appellatus.
461 1779 553 1810 1004,
569 1780 598 1806 4.

215 1820 353 1854 Boeotus,
380 1820 548 1857 Plangonis
572 1818 662 1853 tilius,
677 1829 764 1856 quem
790 1817 885 1847 mater
907 1828 923 1847 e

258 1862 375 1890 Manlia
399 1868 578 1901 conceptum
602 1862 719 1897 aiebat3
747 1871 806 1899 quo
830 1862 925 1890 fideus

258 1903 324 1939 ille,
348 1915 403 1943 pro
427 1906 549 1940 Boeoto,
569 1915 602 1934 se
622 1905 825 1933 Mantitheum
848 1906 924 1933 sere-

258 1948 330 1985 bat3
354 1948 434 1986 quod
455 1958 562 1977 nome-‚n
586 1952 650 1976 erat
667 1947 726 1976 lilio
745 1947 869 1976 Mantiae
886 1958 925 1976 ex

259 2001 357 2020 uxore
371 1990 507 2030 legitima
522 1990 670 2030 qnaesit03
689 1991 767 2019 unde
782 1990 819 2019 lis
833 2001 926 2029 super

259 2034 382 2063 nomine
399 2038 464 2063 orta
478 2040 523 2063 est
539 2035 619 2063 inter
636 2033 704 2062 illos
720 2035 841 2063 fratres.
858 2044 926 2072 quae

259 2077 299 2106 lis
316 2077 450 2106 oratione
469 2077 588 2117 gemina
604 2077 704 2115 agitur
718 2087 734 2106 a
752 2087 781 2116 p.
799 2078 871 2107 994.
888 2077 927 2106 ad

258 2131 290 2160 p.
308 2122 403 2150 1026.

219 2163 443 2201 Bosporicum,
478 2162 695 2193 hieromnenon
730 2163 928 2201 Byzantinus,

262 2215 322 2245 qno
348 2213 482 2246 ternpore
503 2206 660 2244 Byzantini
683 2207 794 2244 populo
816 2206 926 2235 Athen.

262 2259 404 2279 coronam
442 2259 562 2278 auream
605 2249 822 2284 decernebant,
861 2251 927 2287 ejus

262 2302 356 2330 opera
380 2291 499 2321 liberati
526 2293 563 2321 ab
590 2291 749 2321 obsidione
777 2291 927 2330 Philippi.

262 2337 337 2371 255,
355 2337 406 2365 20.

220 2379 332 2414 Boxia,
355 2388 409 2407 seu
426 2376 534 2411 Zobia,
554 2377 733 2407 muliercula
756 2378 837 2413 vilis,
855 2387 928 2415 erga

262 2431 349 2461 quam
376 2421 505 2459 turpiter
528 2420 678 2458 ingratum
701 2421 839 2459 prodidit
863 2421 926 2450 ani-

261 2475 343 2494 mum
362 2463 545 2501 Aristogito,
562 2474 650 2501 quem
667 2474 714 2499 ea,
734 2464 806 2501 fuga
826 2473 843 2492 e
859 2473 925 2492 car-

263 2517 334 2537 cere
362 2506 510 2544 elapsum,
535 2516 590 2544 per
620 2505 738 2545 aliquot
764 2506 843 2542 dies,
871 2516 926 2535 suo

262 2560 330 2581 cum
355 2548 505 2589 periculo,
529 2549 726 2585 occultasset,
748 2553 838 2587 atque
861 2559 926 2578 ser-

262 2597 377 2623 vasset.
390 2594 465 2626 787,
480 2593 532 2621 14.

220 2635 417 2675 Brachyllns,
433 2645 520 2664 socer
534 2633 636 2674 Lysiae
652 2633 816 2674 Sophistae.
831 2635 928 2670 1352,

221 2721 386 2760 Brytiadae.
403 2720 499 2756 1365,
515 2721 544 2749 8.

221 2765 392 2799 Bulagoras
412 2762 616 2802 Alopekensis
635 2762 693 2792 fuit
715 2762 744 2792 in
762 2761 871 2801 legatis
889 2762 926 2792 ad

265 2806 443 2845 Philippum
465 2805 543 2846 apud
565 2805 699 2836 Elateani
725 2805 837 2835 missis.
853 2807 928 2842 282,

264 2851 318 2879 23.

223 2891 365 2924 Buselus.
384 2891 481 2926 1055,
499 2893 552 2922 25.
575 2890 629 2920 ubi
648 2890 862 2920 Buselidarum
878 2900 928 2920 res

264 2933 389 2976 copiose
404 2938 590 2964 enarrantur.
606 2933 696 2975 cujus
711 2933 812 2973 gentis
835 2937 929 2964 stern—

629 119 822 162 INDEX
856 117 1222 160 HISTORICUS

983 234 1031 253 ma
1052 225 1216 266 descripsit
1240 225 1411 256 Palmerius
1435 225 1465 256 iu
1486 227 1649 258 Exercita-

986 268 1132 298 tionibus.

944 311 1123 351 Byzantinis
1140 311 1168 340 in
1183 311 1310 340 formula
1324 311 1419 350 pacis,
1435 311 1513 341 inter
1529 312 1650 352 Philip·

988 365 1058 392 pum
1075 359 1105 383 et
1122 354 1322 384 Athenienses
1341 354 1477 384 sancitae.
1493 355 1650 386 decretum

988 398 1045 426 suit
1064 399 1114 435 jus
1132 397 1296 435 vectigalia
1318 398 1462 435 exigendi
1483 408 1499 426 a
1522 398 1651 428 navibus

989 442 1119 470 Pontum
1139 441 1323 479 petentibus.
1341 442 1393 472 65,
1420 444 1467 472 19.
1494 441 1652 480 Byzantini

990 492 1019 512 et
1040 484 1239 512 Attii-nirnses
1263 489 1381 512 mutuas
1405 485 1574 513 simultates
1600 495 1654 512 ex-

991 528 1145 555 ercebant.
1168 529 1220 558 93.
1246 530 1292 555 1-1.
1316 527 1427 556 bellum
1448 527 1560 556 sociale
1584 537 1653 556 cum

991 570 1074 598 Chiis
1092 576 1120 598 et
1141 570 1270 598 Rhodiis
1287 571 1435 598 adversus
1453 571 1654 599 Athenienses

991 613 1209 650 suscipiebant.
1231 616 1362 644 191.1‘2.
1377 614 1446 642 aliis
1461 613 1488 641 in
1506 613 1602 642 causis
1616 613 1657 641 si-

991 658 1147 685 multatum
1173 656 1303 684 edebant
1327 658 1412 690 lmnc,
1428 656 1506 693 quod
1531 656 1656 685 Atheni-

991 710 1080 728 enses
1104 699 1326 728 Chalcedonam
1349 705 1379 728 et
1397 699 1595 736 selymbriam
1620 700 1657 728 ab

991 742 1068 780 ipsis
1086 742 1287 771 abalienatum
1313 743 1399 771 irent.
1425 745 1563 774 198.1Q.
1588 742 1657 780 qui-

992 786 1048 814 bus
1064 786 1102 814 (le
1118 785 1216 814 causis
1229 785 1391 824 Philippus
1410 786 1589 823 Byzantium
1602 787 1657 815 ob-

993 829 1055 857 sed·
1068 828 1119 862 rit,
1137 829 1206 857 item
1222 828 1412 858 obsidionem
1430 828 1512 857 illam
1530 829 1656 858 aclasse

994 871 1097 900 Attica
1113 871 1241 900 solutam
1262 871 1366 905 fuisse,
1382 878 1412 900 et
1428 872 1466 901 de
1482 882 1590 901 corona
1606 881 1660 900 au-

995 925 1056 949 rea,
1072 924 1131 952 qua
1148 915 1179 942 l'.
1199 915 1381 952 Byzantinus
1398 915 1544 953 populum
1563 915 1658 944 Athe-

992 957 1123 987 niensem
1148 957 1187 985 ob
1207 957 1281 985 illud
1307 957 1426 995 insigne
1447 958 1585 986 meritum
1610 968 1658 987 or-

993 1002 1087 1030 navit.
1118 1001 1192 1029 254.
1221 1000 1293 1029 2¹55.
1325 1009 1418 1029 naves
1448 1000 1659 1030 frumentarias

994 1042 1223 1073 Atheniensium
1242 1043 1270 1071 in
1287 1047 1409 1081 portum
1420 1040 1507 1073 suurn
1524 1044 1660 1073 deduce-

995 1088 1075 1116 bant.
1093 1088 1187 1123 1207,
1205 1088 1257 1117 26.
1273 1089 1363 1123 1211,
1381 1088 1433 1116 26.

1288 1216 1324 1245 C.

953 1302 1114 1332 Cacehius.
1129 1312 1159 1331 v.
1173 1301 1340 1332 Bacchius.

954 1346 1166 1379 Callaeschrus,
1190 1345 1315 1374 Diotimi
1338 1344 1427 1379 fitius,
1449 1344 1663 1383 Cotbokydes‚

995 1388 1050 1417 fuit
1069 1388 1098 1417 in
1117 1388 1226 1424 legatis
1247 1388 1282 1416 ad
1306 1388 1465 1418 Thebanos
1488 1399 1523 1417 eo
1546 1389 1662 1424 missis,

997 1442 1056 1470 quo
1074 1431 1274 1469 persuaderet
1298 1431 1386 1470 ipsis,
1412 1437 1443 1460 ut
1465 1441 1532 1460 cum
1560 1432 1597 1460 P.
1623 1431 1663 1461 A.

996 1475 1095 1503 foedus
1108 1478 1138 1502 et
1153 1473 1327 1503 societatem
1340 1474 1412 1503 belli
1428 1474 1576 1502 adversus
1591 1474 1664 1504 Pni-

997 1517 1114 1556 lippum
1143 1517 1263 1545 inirent.
1289 1518 1364 1552 291,
1389 1519 1418 1546 8.
1445 1517 1612 1547 habebatur
1631 1517 1663 1547 iu

998 1559 1157 1589 ditissimis
1171 1559 1281 1588 civium
1301 1560 1409 1588 Athen.
1426 1561 1501 1595 565,
1520 1562 1570 1590 13.

957 1604 1108 1638 Callarus,
1127 1613 1243 1632 servus-
1261 1605 1355 1637 1280,
1373 1605 1423 1634 20.
1438 1613 1484 1642 sq.

957 1647 1080 1682 Callias,
1105 1646 1272 1684 Hipponici
1299 1646 1388 1682 tilius,
1404 1647 1454 1684 qui
1479 1646 1663 1676 celebratam

999 1690 1081 1719 illam
1096 1700 1161 1718 cum
1175 1699 1244 1726 rege
1263 1690 1419 1718 Persarum
1438 1699 1539 1729 pacem
1554 1689 1668 1726 sanxit,

1001 1744 1058 1772 qua
1078 1733 1143 1771 regi
1159 1732 1353 1762 interdictum
1375 1732 1446 1767 fuit,
1464 1742 1500 1761 ne
1525 1732 1560 1761 ad
1583 1743 1666 1762 mare

1001 1776 1131 1815 AEgeum
1160 1775 1374 1810 descenderet,
1399 1781 1430 1804 et
1455 1775 1601 1814 quicquid
1629 1777 1666 1805 ab

1002 1829 1055 1848 ora
1070 1818 1210 1847 maritimi
1227 1818 1470 1848 incontinentem
1488 1823 1615 1857 pateret,
1629 1819 1666 1848 ad

1003 1862 1143 1890 diurnum
1171 1861 1240 1900 equi
1264 1871 1397 1896 cursum,
1415 1862 1543 1891 liberum
1568 1867 1598 1890 et
1621 1862 1668 1891 sui

998 1904 1078 1943 juris
1090 1904 1275 1943 relinqueret
1289 1916 1296 1941 ;
1313 1910 1344 1934 et
1356 1904 1570 1939 niholominus,
1583 1905 1665 1943 quod

1003 1958 1075 1977 auro
1096 1948 1219 1976 Persico
1232 1953 1393 1986 corruptus
1410 1948 1474 1986 regi
1493 1947 1562 1986 plus
1578 1958 1667 1986 aequo

1004 1990 1191 2019 concessisse
1208 1990 1374 2025 videretur,
1391 1989 1608 2029 quinquaginta
1625 1996 1670 2020 ta-

1004 2033 1094 2063 lentis
1110 2033 1271 2062 mulctatns
1288 2033 1354 2062 suit.
1366 2036 1441 2068 4⁰28,
1458 2036 1509 2064 27.
1520 2033 1595 2063 alias
1609 2033 1670 2064 fuit

1004 2076 1015 2105 ὃ
1039 2075 1253 2110 λακκόπλουτος
1270 2076 1452 2115 appellatus.
1476 2086 1506 2106 v.
1523 2076 1670 2107 Palmerii

1006 2121 1119 2149 Exere.
1138 2130 1168 2158 p.
1185 2121 1260 2149 62³8.
1275 2124 1306 2148 et
1321 2122 1395 2150 754.

962 2162 1076 2192 Callias
1092 2162 1256 2201 imperator
1274 2161 1506 2197 Athenieusum‚
1522 2163 1614 2193 nrbes
1629 2163 1669 2193 ad

1008 2206 1215 2242 Pagasincum
1240 2205 1337 2234 sinum
1365 2206 1439 2234 sitas
1463 2206 1558 2244 cepit,
1582 2211 1612 2236 et
1638 2205 1670 2236 in

1005 2249 1218 2278 Macedoniam
1243 2247 1421 2285 navigantes
1437 2248 1610 2287 intercepit.
1626 2255 1671 2279 at-

1005 2302 1063 2330 que
1086 2291 1234 2321 vendidit.
1256 2293 1329 2326 159,
1348 2294 1398 2322 25.
1422 2302 1480 2329 qua
1500 2292 1539 2321 de
1561 2291 1671 2330 injuria

1007 2334 1168 2373 Philippus
1179 2334 1221 2363 ibi
1237 2335 1384 2373 queritur.
1421 2334 1572 2364 Fortassis
1586 2335 1669 2365 idem

1005 2381 1053 2406 est
1068 2388 1135 2406 cum

963 2420 1059 2449 Callia
1075 2419 1269 2449 Phrearrhio.
1295 2421 1368 2453 265,
1387 2420 1416 2449 6.
1433 2423 1463 2448 et
1480 2421 1531 2449 17.

964 2463 1078 2492 Callias
1095 2463 1263 2497 Suniensis,
1280 2461 1477 2501 Areopagita.
1494 2464 1570 2498 272,
1582 2463 1614 2494 5.

964 2506 1086 2540 Callias,
1111 2515 1217 2535 servus
1241 2505 1393 2543 publicu5‚
1422 2514 1477 2533 seu
1504 2504 1607 2542 lictor,
1633 2506 1671 2537 ad

1008 2549 1183 2588 Philippum
1207 2547 1340 2583 transiit,
1359 2557 1376 2577 a
1391 2557 1452 2586 quo
1467 2547 1599 2587 benigne
1617 2559 1674 2580 ex-

1008 2597 1117 2630 ceptus
1133 2594 1191 2620 est.
1207 2593 1258 2623 23,
1277 2592 1328 2621 19.

964 2634 1121 2668 Callicles,
1158 2633 1337 2672 Epitrephis
1373 2633 1466 2671 filius,
1503 2634 1675 2667 Thriasius.

1008 2678 1103 2709 1221,
1118 2678 1170 2705 10.

965 2719 1145 2748 Callicrates
1161 2717 1323 2757 Enphemi.
1341 2721 1417 2756 611,
1435 2722 1488 2751 25.

966 2762 1155 2798 Callicrates,
1172 2762 1263 2791 frater
1279 2762 1426 2792 Calliclis.
1443 2765 1539 2800 1272,
1554 2767 1607 2795 10.

967 2804 1170 2843 Callippides,
1186 2809 1272 2844 pater
1287 2805 1426 2835 Calliclis
1442 2811 1473 2836 et
1487 2807 1674 2844 Callicratis,

1009 2849 1100 2877 modo
1116 2848 1278 2878 dictorum.
1294 2851 1389 2883 1272,
1407 2850 1458 2879 18.

967 2890 1139 2931 Callippus‚
1159 2891 1411 2921 Heracleotarum
1436 2901 1606 2931 proxenus,
1633 2891 1673 2922 de

1009 2933 1146 2974 Lyconis
1174 2933 1344 2966 hereditate
1372 2943 1442 2965 cum
1470 2934 1675 2974 Apollodoro,
