1910 3187
733 141 928 184 INDEX
962 139 1339 184 GRAECITATIS

349 250 452 291 ράσὲη.
467 251 549 279 emta
564 249 700 281 fuissent.
719 253 813 287 1360.
827 254 857 282 8.

307 292 489 333 ἀγορανόμος]
501 292 712 334 aedilis,judex
723 300 755 324 et
765 295 876 325 arbiter
888 295 973 335 pacis
986 300 1018 325 et

351 335 423 365 boni
446 335 560 365 ordinis
581 336 611 365 in
635 336 717 372 foro,
732 338 904 368 moderator
927 339 1016 378 pretii

347 378 505 408 annonarii
519 379 611 419 etqui
626 379 811 419 provideret,
822 385 856 409 ut
871 380 1015 410 alimenta

346 430 448 461 neque
470 420 626 456 deessent,
645 426 676 452 et
700 422 850 453 tolerabili
866 423 1015 454 venirent.

344 464 420 497 ¹735,
438 465 489 492 10.

300 504 468 547 ἀγόμαν-μα]
487 516 566 536 merx
578 512 669 537 emta.
688 505 811 538 ἐνθέσθαι
823 509 952 548 τάγοξάι.
951 521 1015 557 μα-

345 560 385 577 τα
404 551 458 577 τῶν
477 548 552 588 ἐμῶν
573 550 742 591 χευμάτων.
766 551 940 591 importare,
957 552 1012 581 iru-

343 601 459 631 ponere
475 591 545 621 navi
564 602 675 623 merces
693 598 791 623 emtas
814 595 914 624 nuruis
930 604 948 624 a
965 604 1011 624 me

345 635 483 664 creditis.
501 636 574 669 909,
591 638 642 666 27.
666 638 739 671 916,
756 639 807 668 26-

302 676 449 716 ἇγοοεύειν]
489 678 583 707 verba
619 678 732 714 facere,
769 678 947 719 simpliciter
971 680 1009 709 ad

341 730 568 759 quemcunque,
579 721 712 751 deinde
704 723 852 762 imprimis
870 732 922 763 pro
938 733 1010 753 con-

343 762 432 792 cione
448 763 485 792 ad
501 763 635 812 plebem.
649 764 681 794 ἄν
696 776 742 798 τις
756 765 868 806 ἀγορεύῃ
884 768 946 795 τινὰ
957 777 1010 794 κα-

342 807 396 839 κῶς
410 807 451 835 τα
466 803 561 841 ψευδῆ.
585 806 607 836 si
623 807 691 847 quis
706 807 797 837 alium
816 808 967 848 probris,'
960 809 1011 838 iis-

343 857 404 888 que
427 849 594 884 ementitis,
623 850 813 889 prosciderit.
838 853 913 885 635,
939 861 1010 892 pen.

341 889 385 924 τίς
400 891 530 929 ἀγορεύειν
542 891 687 924 βούλεται.
711 893 777 923 haec
794 900 858 923 erat
873 894 1011 929 formula,

342 943 405 974 qua
419 943 519 973 praeco
534 935 766 965 concionatures
780 937 895 966 citabat
917 943 1010 977 atque

345 976 384 1005 ad
398 976 564 1006 dicendum
579 977 740 1008 invitabat.
757 981 813 1009 28
803 990 831 1014 ),
843 981 871 1008 6.
896 980 931 1012 ὡς
946 981 1013 1017 ἆγο-

341 1018 408 1058 ςεύει
424 1017 450 1047 ἐν
464 1019 507 1056 τῷ
525 1018 609 1057 α’ξονι,
626 1025 659 1049 ut
678 1020 861 1061 legislator
854 1032 886 1051 in
903 1021 1013 1052 Axone

343 1061 447 1091 edicit.
463 1053 538 1096 629,
554 1064 607 1091 21.

294 1103 466 1144 Ἄγραυλος]
491 1103 553 1133 filia
577 1103 738 1144 Cecropis,
761 1105 850 1146 cujus
881 1106 912 1136 in
939 1106 1011 1136 fano

340 1146 454 1195 ephebi
470 1155 576 1176 recens
591 1146 624 1176 in
639 1147 709 1177 albo
724 1148 839 1189 scripti,
862 1154 894 1179 et
915 1159 933 1179 a
956 1159 1012 1188 pa·

339 1189 396 1219 tria.
417 1189 535 1224 armati,
551 1190 706 1227 jurabant,
729 1201 762 1221 se
784 1201 839 1230 pro
863 1202 899 1222 ea
922 1192 1012 1222 dimi-

341 1237 448 1261 cantes
471 1236 610 1266 mortem,
625 1232 650 1262 si
665 1243 792 1263 necesse
816 1233 865 1268 sit,
889 1235 1011 1274 oppeti-

340 1280 432 1304 turos.
451 1273 496 1303 τᾶν
509 1272 534 1303 ἐν
550 1275 594 1313 τῷ
607 1277 656 1308 τῆς
669 1274 822 1315 Ἀγραύλου
837 1280 891 1306 τῶν
905 1276 1012 1315 ἐφήβων

339 1316 411 1357 ὅρκον
425 1317 624 1354 ἀναγινώσκων.
642 1320 716 1354 438,
735 1321 787 1348 ⁹28.

297 1358 432 1399 ἀγραφίου
455 1361 545 1398 γραφὴ
562 1370 631 1399 quae
651 1361 754 1396 fuerit,
775 1362 840 1400 ipse
859 1368 960 1392 orator
977 1373 1008 1411 p.

341 1404 498 1437 1338,19.
516 1402 563 1432 his
577 1403 680 1433 verbis
695 1405 831 1444 exponit
846 1411 913 1434 erat
929 1406 1009 1435 actio

340 1446 372 1475 in
385 1456 448 1480 eos,
463 1444 558 1478 οἵτινες
570 1445 612 1481 ἂν,
628 1445 813 1486 ἐγγραφέντες
825 1447 907 1486 (scil.
918 1448 950 1477 in
964 1454 1009 1478 ta-

339 1488 426 1518 bulas
449 1488 633 1527 aerariorum)
654 1489 705 1518 καὶ
724 1502 767 1529 μη
783 1489 949 1524 ἐκτίταντες
971 1490 1010 1532 τῇ

339 1530 426 1560 πόλει
442 1530 475 1559 τὸ
489 1529 620 1570 ὄφλημα,
636 1530 835 1571 ἔξαλειφθωο-ι.

297 1573 450 1627 EypaqsocL
460 1575 474 1603 ἦ
490 1574 576 1612 φύσις
589 1574 661 1604 αὐτὴ
683 1576 743 1608 τοῖς
764 1576 900 1615 ἀγράφοις
918 1575 1010 1615 νόμοις

338 1617 386 1645 και
402 1617 460 1649 τοῖς
477 1614 655 1655 ἀνθςωπίνοις
677 1617 759 1649 ηθεσι
782 1618 909 1658 διώξικεν.
932 1621 1008 1655 317,

340 1662 392 1690 23.
415 1659 532 1698 ἀγςαφα
545 1658 666 1700 νόμιμα.
681 1662 755 1696 643,
773 1664 823 1692 18.

294 1703 382 1743 ἂγριο
373 1702 399 1741 ]
422 1714 455 1732 το
470 1703 521 1735 τῆς
539 1701 654 1736 διανοίας
676 1703 766 1744 α’γαιον
783 1704 832 1734 καὶ
853 1702 946 1745 πικςόν
968 1703 1007 1734 ἒν-

336 1745 436 1774 ‘cansa
452 1744 536 1774 δηλοῖ.
556 1748 616 1775 112
621 1749 650 1780 2,
668 1748 719 1776 23.

293 1787 436 1827 ἀγξιότης]
460 1787 515 1821 τὰς
531 1798 556 1816 εν
571 1790 638 1822 ταῖς
655 1787 768 1830 ψυχαῖς
785 1789 955 1829 ἀγριότητας
976 1791 1006 1820 αἱ

294 1874 395 1911 ἀγυιὰς
416 1872 542 1911 κνισο-ςῖν.
565 1875 640 1909 530,
657 1883 728 1913 pen.
747 1877 842 1911 1072,
858 1877 910 1906 21.

336 1833 390 1860 τῶν
401 1829 559 1869 νομοθετοῖ-ν
570 1830 680 1860 διάνοιαι
692 1831 859 1873 ἐξορίζουσιν.
870 1835 1006 1868 808,15.

335 1915 432 1967 χόρους
442 1915 510 1946 κατ’
523 1916 632 1953 ἀγυιάς
649 1919 725 1953 531,
742 1920 773 1947 4.
932 1886 1005 1917 ευρυ

291 1959 402 1996 ἀγυιευς
414 1957 578 1988 Ἀπόλλων.
596 1961 670 1994 531,
687 1962 717 1990 9.
736 1963 832 1995 1072,
848 1963 899 1991 20.

292 2001 408 2042 ἄγχειν]
425 2002 536 2032 collum
553 2002 745 2042 obtorquere,
762 2003 865 2033 fauces
878 2004 1004 2038 elidere,

334 2045 417 2074 nodo
432 2045 560 2079 brachii,
574 2050 626 2075 aut
639 2055 816 2085 compressu
833 2047 940 2086 pugni,
951 2057 1005 2086 gu-

335 2087 396 2117 lam
413 2087 500 2117 alteri
515 2092 681 2117 coarctare.
700 2089 825 2130 ἀμυχὰς
839 2087 865 2118 ἐν
879 2090 921 2128 τῷ
936 2100 1005 2129 τρα-

334 2131 417 2170 χηλῳ
432 2130 507 2171 εἶχεν
521 2130 677 2170 ἀγχομένη.
701 2133 797 2167 1157,
813 2134 843 2162 5.
866 2132 1005 2172 ἄγχοντες

331 2173 380 2202 καὶ
396 2172 552 2205 τύπτοντες
566 2175 614 2202 τήν
632 2185 726 2213 γςαυν.
743 2177 838 2210 1157,
854 2177 884 2205 8.
908 2180 1004 2204 trans-

333 2215 406 2251 late,
416 2216 455 2245 de
465 2215 654 2246 conscientia
663 2217 819 2247 scelerum.
830 2218 929 2259 ἄγχει,
936 2229 1003 2247 σιω-

333 2257 390 2298 πςῖν
404 2259 485 2288 ποιεῖ’.
503 2259 586 2298 quod
604 2260 754 2299 posterius
775 2265 822 2291 est
836 2260 1003 2301 explicatio

332 2301 449 2341 prioris.
466 2304 575 2336 406,o

288 2343 461 2384 ἀγχιστεία]
474 2344 628 2384 cognatio,
638 2345 897 2386 consanguinitas,
910 2351 941 2376 et
950 2345 1002 2386 jus

332 2387 406 2416 inde
421 2387 570 2417 exsistens
582 2389 785 2419 successionis
795 2390 827 2418 in
837 2390 915 2419 bona
928 2399 1002 2428 cog-

331 2436 469 2459 natorum
492 2429 716 2460 defunctorum.
749 2433 924 2486 ὡμολογεῖτο
945 2434 999 2470 γὰς

331 2484 410 2512 παρα
425 2473 537 2501 πάντων
552 2484 602 2505 Τῆς
616 2484 742 2510 γυναίκος
756 2473 822 2503 srvat
845 2476 858 2504 ἦ
879 2479 1000 2513 κληρονο-

329 2514 388 2554 μία
407 2517 486 2544 κατὰ
504 2517 552 2545 τῆν
567 2513 748 2568 ἀγχιστείαν;
771 2514 999 2553 1051,11.με-

331 2568 369 2597 χρ
372 2569 394 2591 ίς
405 2569 440 2586 ων
452 2558 553 2596 ὁνόμοζ
561 2557 664 2586 NERSUS!
675 2559 723 2587 Τὴν
732 2556 907 2597 ἀγχίῖτξίαν
921 2557 998 2587 Εἶναί.

333 2604 381 2629 10
380 2603 429 2634 ›8,
447 2603 498 2630 13.
520 2599 591 2639 νόθῳ
606 2599 646 2634 δὲ,
666 2599 740 2639 μηδὲ
756 2599 826 2641 νόθη,
846 2603 889 2638 μὴ
909 2601 996 2641 ἀγχι-

330 2642 428 2672 στείαν
443 2650 520 2678 εἰναι,
540 2643 617 2682 μητε
634 2644 717 2682 ῖεξων,
734 2643 812 2682 μήτε
835 2643 922 2672 ocrim.
945 2653 999 2673 ne-

332 2695 393 2724 que
412 2685 463 2724 jus
485 2687 593 2715 eadem
618 2695 717 2720 sacra,
735 2686 909 2726 eademque
928 2685 999 2725 jura

330 2728 435 2758 civilia
458 2738 526 2756 cum
547 2728 605 2758 illis
621 2729 794 2758 communia
815 2728 950 2758 habendi
967 2734 1000 2758 et

329 2770 509 2809 usurpandi.
526 2773 619 2805 1067,
638 2774 686 2801 13.

288 2812 449 2852 ἀγώγιμος]
467 2817 513 2841 est
528 2813 563 2846 is,
578 2823 667 2852 quem
680 2813 733 2854 jus
749 2818 780 2852 et
792 2813 838 2844 fas
852 2817 909 2849 est,
920 2823 999 2843 eve-

329 2855 431 2894 stigio,
445 2855 494 2884 ubi
511 2856 689 2895 reperiatur,
706 2867 724 2886 a
735 2867 932 2897 quocunque,
945 2856 998 2896 qui

329 2897 416 2932 velit,
433 2902 534 2927 actore
557 2898 586 2926 in
606 2898 771 2938 judicium,
790 2900 829 2929 ad
852 2900 997 2930 undecim

328 2940 419 2976 viros,
442 2940 472 2970 in
496 2940 684 2977 servitutem,
700 2952 825 2983 quoquo
841 2943 926 2979 velit,
942 2943 997 2973 ob-

1098 256 1178 281 torto
1202 251 1281 282 collo
1303 251 1364 293 agi,
1386 251 1462 291 rapi.
1487 255 1560 289 624,
1586 256 1635 285 12.
1665 256 1761 289 1249,

1096 296 1148 324 27.
1173 295 1213 324 de
1229 294 1428 326 contentione
1439 295 1518 326 inter
1530 296 1713 327 Salmasium
1729 303 1761 327 et

1093 335 1265 368 Heraldum
1288 347 1382 378 super
1403 338 1463 368 hoc
1485 339 1634 369 vocabulo
1657 340 1762 370 oborta

1095 390 1123 409 v.
1134 379 1259 421 Taylori
1272 381 1392 434 praefat.
1408 381 1447 411 ad
1460 386 1535 411 orat.
1547 381 1578 411 in
1589 380 1761 413 Aristocra-

1094 426 1166 452 tem.
1198 421 1233 461 b)
1247 425 1286 453 τὰ
1302 424 1441 463 ἀγώγιμα
1461 428 1533 453 sunt
1548 433 1674 460 merces,
1689 435 1760 466 quae

1092 465 1235 504 plaustris
1251 467 1418 497 navibusve
1433 466 1490 496 huc
1506 466 1579 496 illuc
1595 467 1762 518 agitantur..¹

1092 513 1262 539 vectantur.
1293 509 1366 538 οὐδὲν
1395 509 1468 538 ἄλλο
1497 510 1643 548 ἀγώγιμον
1668 508 1695 539 ἐν
1716 509 1762 549 τῷ

1091 550 1179 590 πλοίῳ
1200 550 1277 581 ειναι.
1295 552 1454 582 vectabile.
1476 554 1558 588 929,
1574 554 1626 581 17.
1665 542 1762 589 1296,

1091 596 1105 621 1
1115 597 1142 623 1.
1156 599 1189 624 et
1205 597 1256 625 22.

1048 635 1138 676 ἀγὼν]
1155 642 1203 667 est
1213 642 1379 673 certamen,
1397 641 1451 667 aut
1471 637 1647 672 discrimen,
1663 638 1764 678 quod-

1088 688 1223 719 cunque,
1253 681 1375 720 capitis,
1403 680 1604 715 fortunarum,
1638 680 1762 721 gymni-

1088 731 1169 756 cum,
1185 723 1493 757 scenicum,forense,
1510 722 1664 758 bellicum,
1675 722 1761 754 labor

1087 770 1119 794 et
1138 766 1296 795 contentio
1312 775 1515 806 quaecunque.
1530 764 1576 795 τὸν
1598 768 1653 794 τῶν
1670 771 1761 795 wom-

1087 807 1239 861 τευομεναν
1260 807 1316 840 βίον
1333 808 1476 860 φιλαίτιον
1495 806 1544 837 καὶ
1560 807 1697 848 σφαλερὸν
1710 808 1760 838 καὶ

1086 849 1156 879 καθ
1181 862 1303 881 Εκαστην
1330 850 1434 891 ἦμξραν
1458 851 1566 888 ἀγώνων
1594 862 1641 880 m
1668 862 1762 881 Ἄκων

1085 892 1204 931 μεστόν.
1221 895 1293 929 150,
1307 896 1334 924 9.
1358 895 1417 927 τοῖς
1427 892 1482 932 μὲν
1496 894 1594 926 ἄλλοις
1607 893 1762 945 ἀνθρώποις

1086 932 1123 970 εις
1143 937 1217 973 ἀγών
1239 935 1317 966 ἐστιν
1337 949 1348 966 ο
1367 936 1440 976 πρὸς
1461 947 1527 970 τους
1544 935 1715 975 προδηλους’
1705 948 1760 977 εχ-

1090 977 1182 1017 θςούς.
1199 981 1274 1015 199,
1284 982 1335 1010 24.
1350 982 1405 1008 τῶν
1417 979 1536 1017 ἀγώνων,
1551 979 1594 1013 οὓς
1605 979 1688 1018 ὑμεῖς
1699 979 1760 1019 mgr

1089 1022 1141 1054 ’τῆς
1165 1020 1263 1062 ψυχῆς
1289 1020 1466 1061 ἀγωνίζεσθε.
1489 1024 1635 1056 314,15.
1659 1023 1761 1060 ἀγῶνος
1797 1032 1800 1035 ’

1089 1062 1158 1101 ἄξια
1177 1075 1225 1092 ουκ
1242 1064 1274 1092 ἲιν
1289 1065 1356 1101 ὑμῖν
1370 1063 1475 1103 φανείη
1491 1064 1586 1104 digna
1604 1064 1684 1095 forte
1704 1064 1761 1094 mi·

1089 1114 1146 1134 nus
1170 1105 1344 1142 videantur,
1369 1107 1408 1136 ob
1434 1116 1504 1147 quae
1524 1107 1595 1148 jure
1618 1112 1760 1137 certetur.

1089 1149 1165 1183 519,
1181 1151 1232 1179 22.
1258 1150 1359 1186 ἀγῶνες
1374 1149 1547 1201 (gymnici)
1565 1150 1588 1179 οἳ
1607 1151 1688 1178 κατὰ
1711 1161 1761 1180 την

1087 1189 1214 1220 Ἐλλάδα
1224 1202 1298 1220 κοινοι
1312 1194 1401 1222 πᾶσιν
1411 1190 1477 1221 εἷο-ί.
1490 1193 1564 1226 633,
1577 1194 1608 1222 6.
1623 1190 1762 1232 προεδρίαν

1087 1231 1114 1262 ἐν
1134 1234 1194 1267 τοῖς
1215 1234 1306 1271 ἀγῶσι
1321 1233 1501 1275 (gymnicis,
1524 1235 1577 1264 sed
1601 1235 1761 1275 praecipue

1088 1276 1238 1312 scenicis)
1266 1276 1373 1306 διδόναι.
1402 1278 1475 1311 256,
1504 1278 1536 1305 7.
1575 1276 1684 1306 δοκοῦσι’
1707 1289 1758 1316 μοι

1087 1318 1214 1352 ἅπαντες
1236 1331 1258 1348 οι
1283 1317 1358 1359 «παρ’
1377 1319 1445 1358 ὑμῖν
1465 1318 1567 1357 ἀγῶνες
1585 1319 1760 1360 (forenses)

1087 1372 1142 1415 Ουχ
1156 1372 1239 1392 nT‘rov
1254 1363 1308 1390 Τῶν
1328 1363 1436 1401 καόξῶγ,
1452 1373 1466 1391 ἦ
1481 1372 1536 1392 ΤΩΝ
1555 1363 1758 1402 ΠξαγμάΤωΥ,

1085 1401 1165 1433 εῖναι.
1183 1403 1305 1444 judicia
1328 1410 1430 1434 vestra
1453 1404 1493 1434 de
1512 1404 1607 1434 rebus
1628 1407 1659 1435 iu
1682 1406 1758 1436 foris

1086 1448 1195 1476 vestris
1212 1447 1333 1487 agitatis
1349 1457 1410 1477 non
1426 1447 1538 1477 veritas
1561 1457 1658 1478 rerum
1674 1448 1757 1489 ipsa·

1086 1498 1162 1525 rum,
1179 1495 1490 1531 argumentorumque
1512 1489 1670 1521 evidentia
1691 1501 1757 1522 ma-

1085 1531 1142 1572 gis,
1171 1543 1264 1573 quarn
1295 1539 1477 1572 temporum,
1505 1533 1618 1574 quibus
1654 1543 1756 1564 causae

1083 1584 1215 1615 quaeque
1241 1575 1406 1616 agitantur,
1428 1576 1561 1606 rationes
1585 1576 1754 1617 gubernare

1082 1617 1238 1647 videntur.
1254 1620 1330 1653 342,
1345 1621 1376 1648 7.
1399 1618 1437 1652 εἷς
1452 1619 1556 1658 ’Άξειον
1579 1620 1668 1657 πάγον
1690 1619 1756 1660 ἐμοὶ

1083 1660 1177 1698 ἀγῶνα
1188 1661 1413 1691 κατεσκεύασαν.
1424 1667 1607 1691 accusarunt
1615 1672 1662 1692 me
1669 1663 1755 1703 apud

1083 1708 1225 1733 senatum
1247 1703 1513 1744 Areopagiticum,
1535 1704 1575 1734 de
1598 1704 1676 1735 falso
1699 1706 1756 1736 cri—

1085 1746 1166 1776 mine
1182 1751 1213 1776 et
1229 1757 1246 1777 a
1262 1758 1294 1777 se
1310 1747 1453 1778 conficto.
1474 1749 1570 1782 1025,
1587 1750 1637 1778 10.
1660 1746 1711 1782 ἕως
1722 1748 1756 1778 ἂν

1083 1789 1106 1818 οἳ
1123 1790 1224 1826 ἀγῶνες
1245 1789 1388 1827 γένωνται.
1403 1790 1503 1819 donec
1519 1799 1620 1820 causae
1635 1795 1756 1821 contro-

1083 1841 1178 1862 versae
1204 1832 1387 1872 disceptatae
1412 1832 1550 1862 fuissent.
1580 1835 1677 1868 1173,
1702 1836 1754 1864 10.

1082 1875 1147 1908 τοὺς
1168 1875 1276 1912 ἀγῶνας
1298 1872 1398 1914 κρίνετε
1424 1873 1488 1914 πρὸς
1509 1877 1564 1908 τας
1589 1874 1751 1914 ἀποδείξεις.

1082 1927 1190 1947 causas
1202 1918 1381 1958 dijudicatis
1398 1927 1453 1957 pro
1468 1918 1666 1958 argumentis.
1679 1919 1710 1950 h.
1723 1929 1752 1950 e.

1082 1965 1116 1990 ut
1144 1959 1327 2000 litigantium
1356 1961 1500 2000 quisque,
1530 1965 1583 1990 aut
1610 1961 1752 1998 certiora,

1082 2007 1137 2032 aut
1148 2002 1310 2033 infirmiora
1324 2013 1379 2044 pro
1395 2012 1489 2032 causa
1504 2013 1559 2033 sua
1571 2009 1754 2044 argumenta

1082 2045 1181 2080 affert,
1193 2046 1237 2075 ita
1253 2056 1306 2076 vos
1319 2052 1372 2076 aut
1387 2046 1567 2083 secundum,
1578 2046 1752 2078 autadver-

1082 2098 1132 2118 sus
1155 2099 1226 2118 eum
1249 2089 1330 2119 datis
1356 2089 1550 2118 sententiam.
1578 2091 1674 2125 1467,
1700 2092 1751 2120 14.

1081 2130 1119 2165 εἷς
1134 2129 1157 2158 δ’
1169 2131 1265 2169 ἀγῶνα
1275 2131 1405 2171 (Martis
1418 2131 1527 2166 aleam,
1545 2131 1684 2172 proelium
1697 2133 1752 2163 de-

1080 2173 1261 2213 cretorium)
1276 2173 1372 2207 ὲκεῖνος
1394 2174 1503 2212 ἄμεινον
1521 2176 1598 2213 ἡμῶν
1618 2173 1752 2206 ἤσκηται.

1081 2219 1155 2251 124,
1177 2219 1228 2248 15.
1251 2215 1297 2246 τὸν
1318 2217 1373 2256 μὲν
1394 2216 1527 2256 πόλεμον
1544 2216 1691 2258 χαλεπὸν,
1707 2218 1754 2248 τὸν

1081 2258 1104 2288 δ’
1113 2259 1208 2297 ἀγοῗὶνα
1221 2258 1267 2288 τὸν
1282 2258 1313 2289 ἐκ
1327 2260 1376 2288 τοῦ
1390 2258 1519 2299 πολέμου
1533 2259 1627 2301 ῥᾴδιον.
1639 2260 1752 2291 bellum

1079 2301 1178 2342 ipsum
1193 2313 1262 2333 esse
1277 2302 1452 2338 molestum,
1473 2303 1504 2332 h.
1519 2312 1548 2332 e.
1569 2302 1752 2333 contributi-

1079 2355 1155 2374 ones
1173 2345 1377 2385 pecuniarias,
1393 2345 1545 2374 absentias
1562 2345 1668 2381 domo,
1688 2350 1750 2376 sta-

1080 2388 1180 2417 tiones
1195 2393 1377 2422 castrenses,
1389 2388 1510 2422 itinera,
1522 2387 1658 2428 aliasque
1672 2398 1749 2428 quas

1077 2430 1212 2460 infinitas
1222 2440 1347 2460 numero
1359 2429 1525 2466 molestias,
1537 2430 1751 2471 bellum,prae-

1078 2472 1180 2502 sertim
1196 2473 1384 2506 diuturnum,
1402 2481 1502 2502 secum
1521 2472 1626 2503 affert:
1651 2474 1748 2513 ipsam

1077 2519 1177 2544 autem
1200 2525 1348 2555 pugnarn,
1374 2525 1442 2554 quae
1465 2521 1577 2545 sortem
1598 2515 1671 2545 belli
1691 2517 1747 2546 de-

1076 2557 1187 2592 cernit,
1202 2557 1377 2588 alterutram
1397 2558 1429 2587 in
1446 2563 1565 2598 partem
1586 2558 1745 2589 victoriam

1077 2600 1239 2634 inclinans,
1261 2610 1329 2630 esse
1345 2601 1437 2630 citam
1460 2605 1491 2630 et
1511 2607 1655 2630 exsecutu
1671 2601 1747 2632 faci-

1077 2642 1145 2671 lem.
1163 2645 1237 2677 180,
1254 2645 1306 2672 14.
1329 2644 1394 2676 τοὺς
1406 2644 1513 2680 ἀγῶνας
1527 2643 1660 2677 ἅπαντας
1676 2644 1749 2674 οὐδε-

1076 2683 1115 2718 νὲς
1129 2683 1200 2714 οὲτω
1216 2684 1367 2725 δεομένους,
1377 2687 1411 2719 ὡς
1424 2686 1518 2725 ἀνδρῶν
1530 2686 1659 2724 ἀγαθῶν.
1671 2688 1747 2724 180,

1077 2730 1128 2758 18.
1151 2727 1227 2757 ἡνίκα
1242 2730 1296 2767 γὰρ
1318 2728 1330 2757 ὁ
1352 2729 1427 2766 ἀγὼν
1446 2727 1511 2768 ἔλθῃ
1534 2730 1583 2758 τοῦ
1606 2727 1746 2768 πολέμου.

1078 2772 1173 2805 1396,
1197 2773 1249 2801 ‘23-
1272 2769 1317 2800 τδν
1340 2770 1368 2800 δὲ
1394 2770 1462 2810 ὑπὲρ
1482 2773 1533 2801 τοῦ
1551 2773 1596 2811 μῆ
1618 2770 1748 2809 γενέσθαι

1076 2814 1174 2842 ταῦτα
1190 2814 1283 2851 ἀγῶνα
1299 2812 1385 2853 ἕτεςοι
1399 2813 1484 2854 χωςῖς
1502 2815 1579 2853 ἡμῶν
1599 2812 1671 2845 ’ἦσαν
1685 2825 1746 2844 ωε-

1075 2854 1226 2894 ποιημένοι.
1235 2857 1457 2886 contenderant
1466 2857 1746 2896 intercedere‚quo-

1077 2899 1176 2928 minus
1198 2899 1257 2928 ista
1279 2899 1396 2929 fierent.
1421 2901 1496 2935 295,
1515 2901 1565 2930 13.
1587 2897 1613 2928 ἐν
1632 2899 1677 2938 τῷ
1689 2909 1746 2939 με·

1075 2939 1168 2980 γίστῳ
1183 2941 1266 2979 ἀγῶνι
1276 2942 1340 2981 περὶ
1353 2943 1401 2972 τοῦ
1416 2942 1554 2982 σώματος
1568 2939 1746 2973 καθέστηκα.
