1822 3187
564 172 1052 217 DEMOSTHENEAE.

141 285 224 311 arcte
238 280 399 320 stringere,
415 285 516 311 ettam
529 281 677 310 tenaciter
688 285 800 310 tenere.

141 325 183 353 7¹7
185 325 216 359 8,
229 326 281 354 20.
307 324 438 360 «πάντων,
456 323 510 354 ὅσα
524 323 659 359 ἐκλείπει,
674 323 729 353 δέον
741 333 800 352 ποι-

138 367 173 415 ρᾶ..
187 367 271 397 τοῦτο
289 365 438 406 γίγνεσθαι.
459 369 531 406 quae'
545 367 703 406 oportebat
722 364 800 401 fieri,

138 408 197 438 nisi
214 410 271 440 hoc
286 411 431 440 obstaret.
449 412 523 445 140,
539 410 591 440 25.
612 411 668 439 τῶν
681 408 755 447 νικᾳῖν
768 407 800 441 ἄν

126 453 218 500 ,παρὰ
231 452 310 483 τοῦτ’
325 453 450 492 οἶομένων
465 455 597 494 χορηγῶν.
622 451 799 482 existiman-

139 494 226 531 tium,
240 496 291 526 vel
309 497 505 535 sperantium,
525 506 558 524 se
579 494 685 544 procul
705 493 798 523 dubio

139 537 267 568 victoria
282 540 375 568 fuisse
389 538 550 578 potituros,
567 537 625 567 nisi
639 536 798 567 hocinter-

141 581 297 611 cessisset.
316 584 390 617 534,
407 583 438 611 6.
459 580 531 611 πάνυ
552 583 606 620 γὰρ
630 580 702 621 (οὐχ
725 579 800 620 ὁρᾷς)

139 625 218 664 παρὰ
231 625 315 654 τοῦτο
333 623 426 662 γέγονε
439 625 480 653 τα
497 626 552 652 τῶν
570 623 705 654 Ἑλλήνων
719 623 799 662 ’σι-ρά-

138 676 259 704 γματα,
272 667 294 696 εἰ
313 666 393 697 τουτὶ
406 665 440 696 τὸ
457 666 546 706 ῥῆμα,
562 667 643 696 ἀλλὰ
662 668 705 706 μὴ
719 666 799 695 τουτὶ

139 708 299 750 διελέχθην,
314 708 328 741 ἢ
340 708 407 749 δευρὶ
423 710 470 739 τὴν
481 710 574 750 χεῖρα,
588 710 667 739 ἀλλὰ
677 711 720 748 μὴ
731 708 800 748 δευρὶ

138 752 315 791 παρήνεγκα.
340 753 421 791 quod
446 752 504 781 hoc
531 753 635 787 verbo,
660 761 718 780 non
745 752 799 780 illo

141 804 205 823 sum
222 805 306 830 usuS,
323 795 403 833 quod
419 804 539 823 manum
562 795 632 829 huc,
651 803 711 823 non
726 793 800 823 illuc

134 836 262 874 jactavi,
281 836 352 866 ideo
368 837 413 866 sic
433 846 466 866 se
485 836 595 866 habent
610 846 659 866 res
676 837 800 865 Graeco-

137 889 216 914 rum,
231 889 289 909 non
305 879 384 909 istoc
399 879 500 909 modo.
520 890 572 909 um
585 880 662 909 eines
679 878 801 914 I‘Vortes,

137 931 190 950 um
201 922 288 952 dieses
302 922 412 953 Wortes
421 922 529 957 willen,
538 933 637 951 -ιιιη
651 922 734 952 einen
746 923 800 952 sol-

121 990 123 993 .
137 963 222 1001 chen,
237 966 300 995 um]
315 964 396 995 nicht
417 966 500 995 einen
525 964 636 995 solchen
655 965 802 1005 Schwung

123 1007 191 1037 der
214 1007 320 1043 Hand,
347 1007 423 1038 steht
450 1018 478 1038 es
507 1010 560 1038 mit
588 1018 646 1037 uns
673 1017 713 1044 so,
738 1009 802 1037 und

138 1049 225 1081 nicht
245 1061 274 1080 so

140 1092 198 1122 this
218 1095 299 1123 word
314 1093 419 1134 —for
432 1093 514 1129 such,
534 1094 594 1123 and
613 1099 661 1123 not
685 1093 766 1129 such,
783 1105 802 1123 α

140 1137 248 1166 motion
263 1136 298 1178 qf
314 1136 361 1166 the
383 1137 473 1171 hand,
494 1136 591 1178 things
613 1147 663 1166 are
677 1137 748 1165 with
767 1147 802 1166 us

131 1188 178 1214 Asa,
198 1180 258 1209 ami
276 1185 326 1209 not
343 1179 400 1220 ευ]-
414 1181 488 1214 305,
500 1182 530 1210 3.
559 1181 655 1209 ταῦτα
675 1180 703 1208 οὐ
725 1181 802 1219 παρὰ

140 1221 247 1261 μικρὸν,
256 1222 338 1252 nicht
346 1232 396 1251 um
403 1223 451 1252 ein
462 1222 567 1252 kleines
578 1221 671 1263 [qfrzo
683 1222 802 1262 trrfling

120 1265 274 1306 -imp‹n·t],
296 1264 489 1306 ἀγωνιζόμενος
508 1264 572 1304 παρ’
594 1265 671 1304 υμῖν,
694 1266 802 1295 ἀπελυ-

140 1307 248 1346 σάμην.
265 1319 324 1337 ιιοιι
342 1308 458 1337 minuto
479 1309 609 1347 quodam
631 1313 662 1336 et
680 1308 734 1337 vix
749 1318 801 1336 no-

139 1350 272 1380 scitabili
301 1354 453 1380 momento
480 1355 724 1388 argumentorum
754 1361 802 1380 me

141 1393 346 1431 purgantium,
363 1393 418 1422 sed
432 1403 540 1432 magno
556 1399 587 1423 et
602 1393 712 1432 insigni
727 1403 803 1434 prae-

141 1436 257 1475 pondio
268 1441 511 1476 argumentorum
524 1436 704 1466 innocentiae
716 1447 804 1473 meae,

141 1479 284 1509 vincente
295 1479 467 1510 luculenter
478 1484 509 1509 et
521 1480 659 1509 elevante
671 1489 804 1509 momen-

142 1526 175 1552 ta
192 1532 242 1552 me
259 1523 425 1562 gravantia.
443 1523 518 1556 593,
535 1533 602 1561 pen.
623 1523 671 1553 τὴν
690 1528 804 1561 φιλοσο-

142 1563 207 1603 φίαν
227 1563 274 1595 ἐὰν
294 1567 338 1604 μῖι
357 1568 434 1605 παρὰ
453 1564 548 1605 μικρόν
570 1565 667 1606 ἡγήσῃ.
692 1576 748 1605 pro
772 1577 803 1596 re

142 1609 363 1638 contemnenda
389 1609 494 1638 duces.
519 1610 615 1644 1416,
637 1611 689 1638 21.
725 1610 805 1649 παρὰ

120 1672 123 1674 -
142 1651 216 1690 τρεῖς
228 1649 337 1690 ψήφους
351 1651 472 1690 ἀφῆκαν.
486 1652 526 1680 ob
541 1651 599 1680 tria
614 1651 805 1681 solummodo

143 1693 300 1733 suffragia,
313 1704 439 1724 numero
453 1695 553 1732 plura,
570 1704 586 1722 a
602 1698 690 1733 parte
705 1695 806 1724 absol·

145 1736 300 1775 ventium3
334 1747 402 1776 quae
428 1737 454 1766 si
478 1736 507 1766 ei
529 1737 707 1772 defuissent,
734 1748 807 1766 cun-

117 1801 121 1805 .
143 1779 304 1808 demnatus
321 1779 447 1809 abisset.
463 1781 538 1816 688,
554 1782 605 1810 26.
629 1779 696 1820 παρ’
710 1778 807 1818 ὀλίγας

119 1845 123 1850 .
144 1819 254 1862 ψήφους
273 1822 457 1862 ἦτιμώσατε.
482 1823 660 1852 absolvistis
683 1823 805 1862 quidem

144 1875 226 1902 eum,
237 1866 277 1894 ob
289 1865 501 1903 suffragiorum
513 1865 736 1895 absolventium
751 1876 807 1905 po-

144 1907 252 1937 tiorem
267 1918 435 1937 numerum.
459 1918 567 1938 verum
588 1909 640 1938 ille
663 1919 807 1938 numerus

145 1950 305 1990 perpaucis
326 1951 517 1980 solummodo
533 1950 684 1991 suffragiis
704 1961 809 1981 nume·

143 2003 211 2023 rum
220 1993 364 2024 vincebat
371 1994 645 2024 condemnantium.
655 2005 722 2034 quae
733 2004 808 2034 pau-

146 2046 183 2066 ca
207 2036 352 2075 suffragia
378 2037 404 2066 si
427 2037 455 2066 ei
479 2037 662 2074 defuissent,
685 2037 809 2068 infamia

146 2089 216 2108 eum
229 2079 407 2109 notassetis.
420 2082 496 2114 743,
511 2083 564 2110 21.

103 2120 304 2163 παραβαίνειν]
323 2122 458 2152 oratione
470 2122 638 2161 praeterire,
648 2122 807 2158 intactum,

146 2165 296 2195 indictum
324 2165 496 2203 relinquere
528 2176 584 2205 per
611 2166 808 2196 oblivionem.

147 2206 226 2237 ἔστιν
249 2206 268 2236 ἃ
289 2209 343 2236 τῶν
367 2206 567 2247 ψηφισμάτων
585 2207 717 2248 παρέβην,
735 2211 808 2244 298,

116 2268 122 2273 -
147 2254 199 2280 11.
233 2249 467 2289 ιιῑιόιριιβαίνοντες,
503 2252 623 2281 silentio
653 2252 808 2282 transmit-

147 2298 258 2328 tentes,
272 2291 326 2332 ἀφ’
340 2290 375 2322 οἷν
388 2294 420 2323 ἂν
433 2294 578 2332 μεγάλους
590 2292 712 2329 ἐπαίνους
726 2294 808 2333 κομί-

147 2336 270 2366 cacans.
288 2338 383 2371 1453,
402 2337 452 2367 15.
476 2334 614 2376 ‘erepat-Cae
635 2337 700 2370 τοὺς
719 2335 810 2377 ὅρκους

145 2379 194 2408 καὶ
208 2380 263 2412 τὰς
273 2378 426 2413 συνθήκας.
436 2378 558 2409 violatis
569 2380 678 2418 pactis.
690 2382 765 2416 624,
778 2385 809 2410 1.

104 2421 323 2462 παραβάλλειν]
346 2422 405 2455 τοῖς
425 2421 492 2462 παρ’
505 2421 601 2452 ἐκείνου
620 2422 809 2463 μισθαρνοῦσι

115 2484 118 2490 .
146 2464 352 2505 παραβαλεῖτε
388 2464 628 2496 διασπάσασθαι.
656 2468 731 2501 136,
758 2468 809 2496 15.

113 2525 117 2531 -
147 2507 352 2547 παραβάλλειν
364 2508 460 2538 ναυσὶν
476 2508 514 2542 εἷς
528 2508 574 2538 τὸν
591 2508 809 2540 Ἑλλήσποντον.

113 2563 115 2565 ’
149 2553 222 2586 163,
237 2552 269 2582 3.
293 2550 537 2590 παραβάλλοντος.
551 2557 691 2591 tanquam
707 2563 809 2582 exem-

113 2611 116 2614 ‹
148 2593 231 2631 plum
252 2599 441 2633 proponente
460 2595 561 2630 vohis,
580 2596 661 2634 quod
683 2596 713 2624 in
738 2606 809 2634 pro-

148 2635 750 2673 nuntiandasententiaimitemini.1292,
761 2640 811 2668 10.

105 2677 265 2718 παραβοᾷν]
281 2680 456 2718 συκοφάντης
467 2684 522 2711 τῶν
535 2681 736 2721 παραβοώντων
752 2692 811 2711 πα-

147 2723 182 2760 ρα
213 2719 247 2750 τὸ
280 2721 364 2762 Βῆμα
393 2723 441 2751 καὶ
473 2722 654 2764 γραφομένων
686 2725 810 2763 μισθου.

149 2763 246 2798 1359,
261 2766 313 2794 16.

106 2805 345 2846 ωαράΒυστον]’
336 2817 361 2835 εν
379 2807 567 2847 παραβύστῳ,
582 2811 656 2844 715,
674 2812 725 2839 21.

106 2847 304 2890 παραγγελία]
328 2849 479 2884 invitatio,
499 2843 668 2882 cohortatio
684 2853 721 2881 ad
739 2863 810 2892 pr‘c-

150 2891 287 2921 standam
308 2892 391 2921 sibi
384 2902 414 2921 ιιι
430 2894 548 2931 judicio
571 2895 812 2930 advocationem,

150 2941 201 2964 aut
217 2934 254 2963 ad
270 2934 397 2964 dandam
409 2937 573 2966 secundum
588 2947 619 2966 se
631 2937 727 2967 litem.
737 2939 813 2973 341,

150 2980 180 3006 ⁴2.
196 2977 328 3008 studium
341 2978 559 3016 partium,cum
572 2979 662 3009 factio
675 2961 813 3018 quaedani

299 1049 370 1091 [for
391 1063 410 1080 a
429 1052 523 1087 word,
546 1061 583 1080 on
606 1049 653 1080 the
674 1061 749 1081 score
771 1050 808 1091 qf

1461 175 1540 218 201

879 278 940 308 reis
955 279 1013 308 sibi
1030 279 1143 308 deditis
1161 280 1191 308 in
1209 280 1338 318 judiciis
1352 286 1465 321 praesto
1481 286 1542 318 est,

877 331 1014 360 eosque
1007 322 1200 358 auctoritate,
1215 324 1322 362 gratia,
1337 325 1474 364 potentia
1487 335 1541 355 sua

876 365 977 403 poenis
989 364 1080 404 eripit
1095 365 1223 395 meritis.
1246 365 1387 402 πολιτεία,
1402 366 1427 397 ὲν
1441 380 1456 408 ῃ
1470 379 1541 406 συγ-

875 408 973 459 γνωμη
995 419 1042 437 και
1064 418 1194 447 παραγγε
1183 406 1244 438 ελία
1263 411 1319 437 τῶν
1337 410 1424 448 νόμων
1443 411 1541 452 μεῖζον

875 450 1018 491 ισχύουσι.
1035 453 1108 487 4352,
1124 454 1175 480 11.

833 503 972 532 wagayyz
962 493 1064 534 ἑλλειν]
1099 503 1217 533 rogare,
1243 493 1370 529 ambire,
1398 505 1540 533 prensare

875 547 989 571 manus,
1019 537 1249 566 advocationem
1287 536 1416 575 alicujus
1444 538 1539 576 depo-

876 589 970 608 scere.
984 581 1060 615 515,
1071 583 1122 610 19.
1138 581 1180 619 μὴ
1196 579 1268 608 πάνυ
1284 578 1311 609 δὲ
1325 576 1371 609 οἷοί
1381 590 1414 609 τε
1427 590 1539 619 παραγ-

875 620 993 659 γέλλειν,
1008 623 1174 662 postulare.
1191 623 1286 658 1461,
1301 624 1322 652 3

834 665 982 705 παράγειν]
1001 667 1181 704 producere,
1197 666 1334 704 proferre
1346 664 1376 694 in
1393 664 1540 699 medium,

876 713 1044 746 spectatum
1069 714 1122 739 aut
1144 709 1290 738 auditum.
1314 706 1360 737 τὸν
1379 706 1480 738 ἥκοντα
1507 708 1540 748 [e

879 751 1012 790 Boeotia]
1041 751 1211 800 παρήγαγον.
1237 751 1446 790 producebant
1467 761 1541 790 pry-

875 798 962 823 tanes
983 795 1022 823 ud
1043 795 1229 824 concionem.
1251 793 1325 830 285,
1340 796 1371 825 5.
1403 792 1466 823 τίνα
1487 795 1542 833 γαρ

877 838 1048 890 παραγαγὼν
1069 837 1106 872 εἰς
1123 836 1156 866 τὸ
1172 837 1356 876 δικαστήριον,
1375 834 1409 866 ὡν
1428 835 1542 877 ›in-1370,

875 878 982 909 τούτων
995 878 1074 921 ᾕρηκε
1086 882 1252 919 κατηγορῶν.
1270 882 1346 915 805,
1358 884 1408 910 14.
1431 878 1541 917 ἐξαπα-

876 921 930 961 τᾷν
942 921 965 951 δ
980 923 1057 961 ὑμᾶς
1069 923 1244 961 πειράσεται,
1257 923 1398 953 πλάττων
1410 933 1457 951 και
1469 933 1542 962 παρ-

876 964 950 1001 άγων
967 964 1126 1006 [afferens]
1143 964 1217 1004 πρὸς
1238 964 1354 995 ἕκαστα
1368 965 1474 995 ’τούτων
1489 976 1542 994 κα-

878 1007 1003 1047 κούργους
1014 1008 1119 1046 λόγους.
1136 1011 1210 1043 594,
1227 1010 1278 1037 15.
1317 1008 1352 1047 b)
1365 1019 1382 1038 a
1394 1013 1478 1038 recta
1490 1009 1541 1037 via

877 1050 1071 1089 detorquere,
1083 1051 1112 1080 in
1125 1056 1330 1080 transversum
1342 1061 1444 1090 agere.
1461 1052 1541 1080 unde

878 1093 962 1122 notio
975 1093 1160 1132 decipiendi.
1175 1092 1262 1123 ταῦτ’
1272 1094 1338 1127 ἴσως
1349 1093 1438 1132 λέγων
1449 1094 1542 1134 παρά·

877 1146 934 1173 γειν
947 1137 1024 1175 ὑμᾶς
1039 1136 1212 1188 {nurncec—.
1224 1139 1298 1172 487,
1309 1139 1337 1167 9.
1357 1139 1400 1176 μὴ
1416 1138 1445 1167 δὴ
1461 1147 1540 1178 ἐναρ-

877 1178 998 1216 αγόντων
1020 1181 1107 1219 ὑμας.
1126 1182 1200 1215 497,
1221 1182 1250 1209 6.
1286 1191 1318 1209 αν
1340 1191 1369 1209 τι
1392 1179 1542 1220 φενακίζειν

878 1219 991 1273 ἓγχειρη
1004 1233 1050 1251 και
1063 1223 1199 1262 παράγειν
1214 1219 1301 1256 οἶτος.
1315 1224 1390 1258 604,
1403 1225 1434 1252 4.
1451 1222 1542 1261 λόγος,

879 1263 911 1292 δι’
917 1262 946 1293 οὗ
959 1265 1164 1303 προσδοκῶσιν
1155 1267 1232 1304 υμᾶς
1241 1265 1391 1305 1υτοιριιὶξειν.
1404 1268 1478 1302 684,
1490 1269 1541 1296 11.

878 1318 898 1334 α
911 1306 1014 1347 νομίζω
1028 1307 1246 1348 μνημονεύοντας
1268 1309 1346 1348 ὑμας
1368 1308 1478 1346 ἄμεινον
1491 1316 1543 1347 φυ-

879 1348 1006 1385 λαττειν,
1030 1350 1063 1380 αν
1081 1352 1216 1390 παράγειν
1236 1351 1285 1380 και
1304 1350 1453 1391 φενακίζειν
1470 1349 1544 1381 οὗτοι

879 1390 1022 1431 <newa-‘v‘
1012 1405 1099 1433 υμας.
1114 1396 1189 1429 691,
1203 1394 1258 1424 ult.
1276 1395 1361 1423 τοῦτο
1374 1394 1428 1435 γάρ
1443 1395 1542 1424 πλάτ-

879 1445 974 1465 τουσιν
988 1448 1072 1473 ουτοι,
1092 1448 1139 1466 και
1156 1437 1338 1477 παραγουσιν,
1355 1436 1401 1476 [id
1421 1441 1480 1472 est,
1496 1448 1542 1466 και

880 1477 924 1507 διὰ
934 1479 1034 1509 τούτου
1043 1480 1214 1519 παράγουσι,
1226 1484 1278 1509 aut
1288 1491 1373 1509 τουτο
1381 1491 1435 1520 γαρ
1444 1481 1544 1510 πλατ-

881 1531 974 1555 τοντες
1005 1523 1194 1575 παράγουσι]
1222 1525 1296 1558 987,
1321 1526 1371 1553 14.
1395 1526 1492 1559 1128,
1512 1525 1543 1554 5.

884 1567 980 1600 1129,
992 1567 1023 1595 2.
1038 1564 1130 1605 ξ’,τερα
1148 1565 1194 1605 ὑφ’
1208 1577 1243 1595 ων
1253 1565 1420 1606 παραγεσθε
1432 1567 1544 1596 πολλα-

882 1617 935 1640 mc.
950 1607 999 1637 ihr
1010 1609 1083 1638 euch
1096 1609 1225 1638 vielmuis
1240 1610 1322 1638 lasset
1334 1608 1427 1638 dultin
1441 1610 1546 1639 weissen

883 1648 957 1688 [you
971 1661 1023 1680 are
1035 1650 1113 1692 ‹ften
1127 1652 1241 1681 carried
1255 1661 1340 1691 away
1356 1650 1453 1691 with}
1469 1655 1545 1686 412,

883 1695 914 1722 8.
951 1693 984 1733 c)
1008 1695 1077 1724 navi
1102 1695 1214 1724 vehere
1241 1694 1389 1724 sarcinam
1414 1694 1544 1733 aliquam

882 1735 1043 1772 minorem,
1079 1737 1189 1773 obiter,
1217 1736 1303 1767 velut
1339 1738 1543 1768 accessionem

884 1779 1032 1817 quandam
1056 1780 1131 1818 justi
1162 1780 1275 1817 oneris,
1304 1780 1353 1810 vel
1383 1780 1410 1810 si
1437 1782 1546 1817 mavis,

887 1823 1083 1852 transvehere
1107 1833 1146 1852 ex
1166 1823 1226 1852 alio
1240 1823 1334 1853 loeo'
1326 1833 1356 1852 ιιι
1372 1823 1475 1853 alium.
1500 1824 1544 1854 ὁτι

883 1864 1043 1902 ὀγδοήκοντα
1057 1876 1178 1905 κεραμια
1188 1865 1261 1906 μόνα
1278 1865 1359 1905 [scil.
1370 1865 1449 1906 οἴνου]
1466 1877 1546 1907 ’σι-αρ-

883 1909 967 1946 ’aye-co
985 1906 1012 1938 ἐν
1026 1909 1068 1947 τῷ
1082 1908 1181 1948 πλοίῳ.
1199 1911 1273 1944 934,
1289 1910 1320 1939 5.
1336 1913 1367 1938 et
1383 1912 1435 1940 20.

839 1942 1060 1991 παραγίνεσθαι]
1083 1952 1203 1981 adesse.
1223 1951 1316 1981 δυοῗν”
1303 1962 1386 1982 οντοιν
1398 1963 1488 1982 πασιν
1502 1953 1548 1982 οἶν-

882 1994 1005 2034 5ρώποις
1018 1993 1137 2032 ἀγαθοῖν
1146 2012 1189 2017 —-
1197 2006 1252 2036 ουχ
1268 1994 1336 2034 ἅμα
1352 1996 1366 2025 ἡ
1378 1996 1480 2030 κτῆσις
1490 2006 1546 2025 πα-

883 2036 1033 2077 ραγίνεται.
1049 2040 1122 2072 658,
1139 2040 1170 2068 6.

841 2080 1063 2120 παράγραμμα]
1087 2079 1283 2119 proscriptio,
1307 2090 1367 2115 res,
1389 2090 1457 2119 qum
1477 2091 1548 2120 pro-

883 2123 1039 2159 scribitur,
1056 2124 1086 2153 in
1104 2123 1204 2153 tabula
1216 2123 1338 2162 publice
1349 2122 1412 2152 fixa
1424 2130 1549 2154 exarata

885 2165 999 2195 nemini
1014 2176 1071 2195 non
1088 2167 1256 2205 spectanda
1277 2170 1308 2195 et
1327 2166 1456 2206 legenda
1475 2177 1548 2206 pro-

884 2209 1018 2248 ponitur.
1035 2211 1108 2244 997,
1126 2212 1176 2239 10.
1200 2216 1265 2245 aut,
1287 2209 1312 2238 si
1333 2209 1442 2244 mavis,
1465 2215 1549 2246 nota,

884 2262 951 2291 quae
978 2253 1015 2281 ad
1043 2252 1174 2291 alicujus
1198 2262 1315 2288 nomen,
1342 2262 1402 2291 quo
1427 2253 1465 2282 ab
1489 2254 1548 2282 alio

884 2295 1015 2334 quodam
1045 2295 1228 2334 cognomine
1257 2295 1466 2334 dignoscatur,
1496 2296 1550 2326 ad-

885 2337 1040 2367 scribitur.

843 2380 1047 2421 παραγρίιφειν]
1062 2380 1138 2420 νόμοι
1153 2378 1441 2420 παραγεγραμμένοι.
1464 2381 1549 2420 leges

886 2425 916 2453 in
947 2423 1050 2453 tabula
1080 2434 1182 2453 coram
1205 2423 1365 2462 judicibus
1390 2425 1550 2463 proposita

887 2467 1022 2505 scriptae,
1033 2472 1065 2495 ut
1076 2467 1296 2496 considentium
1309 2466 1439 2495 omnium
1452 2468 1549 2497 oculis

886 2514 1020 2548 pateant.
1038 2511 1111 2545 263,
1126 2511 1178 2539 20.
1202 2511 1276 2544 487,
1294 2512 1344 2539 10.
1368 2512 1485 2548 πρῶτον,
1499 2512 1550 2540 τοῦ

887 2551 976 2586 Θέντος
992 2552 1084 2593 [ejus,
1105 2553 1155 2591 qui
1172 2551 1294 2590 pignori
1311 2552 1471 2592 opposuit]
1487 2554 1552 2584 τοῦ-

885 2607 959 2634 νομα
974 2597 1088 2636 γράφειν
1102 2596 1147 2636 [in
1164 2595 1312 2624 tabulario
1323 2595 1507 2625 creditorum
1520 2601 1553 2626 et

888 2638 1086 2678 debitorum}
1102 2638 1149 2667 καὶ
1160 2636 1192 2666 τὲ
1201 2639 1352 2676 κεφάλαιον
1360 2638 1409 2666 τοῦ
1418 2637 1551 2680 ἀργυρίου·

887 2680 996 2711 ἔπειτα
1012 2683 1202 2722 παραγράφειν
1213 2680 1265 2720 [ad
1279 2681 1357 2709 latus
1367 2679 1448 2710 illius
1459 2691 1552 2712 anno-

887 2725 1011 2754 tationis
1028 2724 1219 2764 adscribere]
1238 2723 1281 2761 *rcfi
1294 2722 1354 2751 δεῖνι
1374 2722 1417 2752 δεῖ
1433 2725 1552 2755 ἀποδοῦ-

888 2779 941 2797 ναι.
959 2769 1054 2802 1237,
1070 2770 1101 2797 2.
1124 2767 1320 2806 παραγράφειν
1333 2765 1448 2796 σεαυτὸν
1462 2767 1552 2798 ἄλλου

889 2810 1012 2850 πατρός.
1038 2810 1116 2839 alius
1133 2814 1161 2838 te
1173 2808 1281 2848 patris,
1298 2819 1386 2848 quam
1402 2812 1490 2850 cujus
1506 2822 1553 2848 es,

890 2853 983 2882 tilium
1002 2857 1031 2881 te
1052 2852 1131 2881 ferre
1149 2852 1177 2881 in
1194 2852 1317 2890 scriptis
1334 2862 1352 2881 a
1372 2856 1403 2881 te
1424 2864 1553 2884 exaran-

890 2896 949 2925 dis.
967 2897 1061 2930 1003,
1078 2905 1149 2933 pen.
1181 2896 1217 2924 In
1233 2895 1354 2924 medio:
1378 2905 1484 2927 curare
1500 2908 1553 2926 no-

890 2948 957 2967 rnen
972 2938 1107 2976 aliquod,
1119 2943 1171 2967 aut
1184 2948 1248 2967 rem
1259 2938 1430 2977 quampiam
1444 2950 1461 2969 a
1472 2950 1554 2970 com-

892 2981 1083 3010 mentariensi
1098 2981 1222 3020 publico
1234 2980 1263 3011 in
1279 2982 1393 3011 tabulis
1406 2983 1556 3019 annotari,

850 3024 906 3053 21)
