1822 3187
539 175 600 216 IN
634 175 1117 218 DEMOSTHENEM.
1463 175 1564 240 317⁴

161 281 337 321 AEgyptius.
353 285 427 319 567,
444 285 494 315 15.

894 283 986 317 1489,
1001 285 1033 319 4.-

121 323 310 364 Pamphilus,
332 327 524 362 trierarchus,
543 325 740 356 Demostheni
762 325 815 354 ad-
851 325 919 354 Pax
941 325 980 354 ad
1000 324 1107 354 Athen.
1131 333 1198 353 cum
1226 323 1372 363 Philippo
1393 323 1478 359 inita,
1494 334 1546 355 au·

163 377 271 397 versus
287 368 412 398 Midiam
428 374 566 399 testatus.
588 371 662 405 568,
678 371 730 399 23.

122 409 311 448 Pamphilus,
327 411 411 441 fullo.
429 414 522 447 1259,
540 415 568 442 1.

121 453 270 488 Pandion,
295 464 462 493 eponymus
489 456 584 484 tribus
607 451 816 483 Pandionidis.

163 495 263 524 fabula
278 496 405 526 filiarum
422 498 497 536 ejus,
515 499 646 527 Procnes
662 500 694 525 et
712 496 817 525 Philo-

163 538 260 568 melae.
273 541 368 574 1397,
380 540 434 569 ult.
478 538 613 574 Πανδίονος
625 538 702 568 ἄστυ
714 539 816 578 appel·

163 580 262 610 lantur
276 582 413 612 Athenae.
428 584 502 616 531,
518 585 547 612 2.

120 624 281 659 Panemus,
298 625 408 654 mensis
420 624 643 660 Corinthiacus,
654 624 818 664 respondet

163 666 266 696 Attico
283 667 510 697 Boedromioni.
524 670 597 702 280,
613 670 663 697 14.

122 709 328 745 Pantaenetus,
346 710 374 738 in
395 720 484 749 quem
504 710 567 749 agit
587 709 756 739 Nicobulus
773 719 818 738 or.

167 763 184 782 a
199 763 228 791 p.
245 754 318 784 966.
335 753 371 781 ad
385 763 415 791 p.
431 755 503 783 984.

123 794 295 830 Parmenio,
325 805 393 824 cum
423 795 570 825 militibus
600 795 636 824 ad
669 792 818 824 Eretriam

164 837 288 873 missus,
319 838 400 867 circa
426 849 533 868 annum
563 838 740 871 secuudum,
769 839 820 865 aut

164 880 286 909 tertium
302 880 495 920 Olympiadis
511 881 600 911 CIX.
620 885 654 909 ut
671 878 819 909 libertatis

163 924 376 962 recuperandae
389 924 517 962 cupidos
533 926 752 961 compesceret,
768 922 820 960 qui

163 965 253 995 etiam
266 967 482 996 tumultuantes
497 967 596 1004 ejecit.
615 967 687 1001 126,
704 968 733 995 2.
747 963 822 994 ami-

164 1019 218 1037 cus
230 1013 260 1038 et
272 1009 408 1039 minister
423 1009 570 1048 Philippi.
586 1011 660 1043 362,
677 1009 731 1038 ult.
756 1007 821 1037 Ha-

165 1052 227 1080 lum
256 1052 389 1087 obsedit,
418 1052 656 1082 Atheniensibus
682 1052 720 1080 de
746 1060 821 1089 pace

164 1105 231 1123 curn
245 1094 391 1134 Philippo
406 1095 578 1134 agentibus.
595 1096 668 1129 39⁶2,
685 1097 737 1124 20.

122 1137 346 1173 Parmeniscus,
361 1138 539 1177 negotiator,
555 1137 655 1167 socius
669 1137 822 1175 Dionyso-

165 1179 245 1216 dori,
260 1180 292 1209 in
314 1191 390 1219 quos
411 1181 474 1220 agit
496 1180 674 1220 Pamphilus
691 1190 735 1211 or.
753 1190 770 1209 a
788 1189 822 1219 p.

166 1224 261 1253 1282.
277 1224 315 1253 ad
329 1225 422 1254 1‘298.

123 1266 283 1302 Parmeno,
327 1265 512 1305 Byzantinus
549 1264 729 1306 negotiator,
766 1264 821 1293 sed

164 1309 294 1338 Athenis
306 1309 432 1348 degens,
444 1314 476 1338 ut
491 1308 591 1348 patria
604 1308 743 1339 exsulare
756 1308 821 1347 jus-

166 1362 229 1381 sus.
247 1354 321 1388 894,
338 1355 368 1382 2.

123 1394 284 1424 Parisades
301 1405 331 1425 v.
347 1393 509 1424 Berisades.

123 1437 251 1473 Paseas,
268 1437 407 1467 Aristoni
429 1437 578 1468 adversus
600 1436 756 1466 Cononem
778 1439 822 1465 te-

167 1484 274 1511 status.
290 1483 387 1516 1266,
403 1482 455 1510 26.

125 1523 274 1558 Pasicles,
298 1523 377 1553 filius
400 1522 551 1558 Pasionis,
574 1521 744 1563 trapezitae,
768 1532 821 1552 sae-

166 1566 293 1606 pissime
309 1570 558 1596 commemoratur
569 1567 607 1596 ab
622 1565 823 1604 Apollodoro,

167 1610 273 1644 fratre,
295 1608 326 1638 in
349 1619 417 1639 enm
441 1608 584 1638 acerrime
611 1608 767 1643 saeviente,
791 1613 825 1638 ut

170 1652 316 1691 spurium,
333 1662 373 1681 ex
391 1651 542 1681 adulterio
558 1656 672 1687 natum,
688 1651 824 1681 oratione

169 1695 288 1734 gemina
314 1694 344 1724 in
375 1695 571 1734 Stephanum,
598 1700 628 1724 et
653 1704 758 1723 rursus
785 1694 824 1723 ab

168 1738 316 1768 advocato
339 1737 542 1773 Phormionis,
559 1737 591 1767 in
611 1736 746 1766 oratione
768 1747 824 1776 pro

168 1781 364 1815 Phormione,
380 1790 468 1819 quem
492 1780 703 1809 Phormionem
728 1779 824 1818 Apol-

167 1823 292 1853 lodorus
315 1823 415 1852 aiebat
432 1833 534 1852 verum
556 1822 686 1852 Pasiclis
706 1827 824 1861 patrem

166 1866 271 1896 fuisse.
314 1867 420 1905 Longa
434 1871 465 1895 et
479 1866 560 1896 foeda
571 1870 616 1895 est
627 1865 823 1895 concertatio.

127 1909 231 1944 Pasio,
245 1909 336 1938 modo
348 1909 459 1944 dictus,
472 1918 489 1937 e
505 1919 595 1938 servo
610 1908 823 1943 manumissus,

168 1957 199 1982 et
218 1952 410 1991 postmodum
433 1962 450 1982 a
469 1953 509 1981 P.
531 1952 570 1982 A.
589 1951 714 1981 civitate
733 1951 824 1980 dona-

167 1998 230 2031 tus,
245 1995 401 2033 trapezita,
413 1993 594 2033 saepissime,
609 1998 640 2024 et
654 1993 824 2033 quibusque

168 2048 255 2077 paene
270 2037 390 2076 paginis
405 2039 575 2067 nominatur
589 2037 619 2066 in
635 2036 824 2066 orationibus

168 2090 225 2118 pro
247 2079 440 2115 Phormione,
457 2080 532 2109 etin
553 2079 692 2115 eundem,
706 2079 777 2108 item
793 2078 824 2108 in

168 2122 372 2156 Timotheum,
407 2123 603 2161 Stephanum,
639 2121 825 2160 Callippum,

171 2165 309 2204 aliosque
325 2165 417 2194 dictis
433 2165 470 2194 ab
484 2165 686 2204 Apollodoro,
699 2164 823 2203 scriptis

171 2218 189 2238 a
216 2208 428 2237 Demosthene.
454 2207 532 2246 reip.
562 2207 645 2236 mille
672 2211 769 2243 scuta,
794 2212 824 2236 et

170 2250 302 2290 quinque
328 2251 464 2280 triremes
491 2250 626 2279 donavit.
652 2251 747 2285 1127,
771 2251 824 2280 12.

169 2293 250 2323 vivis
286 2293 421 2322 excessit
462 2293 605 2323 archonte
641 2292 824 2331 Dysniketo.

169 2338 265 2371 1132,
280 2337 331 2366 25.
356 2336 471 2365 clarum
487 2335 544 2364 fuit
565 2345 673 2365 nomen
689 2337 754 2374 ejus
769 2346 825 2374 per

167 2379 342 2409 universam
378 2378 537 2413 Graeciam,
572 2381 709 2417 spectata
738 2378 824 2413 fides,

168 2427 392 2461 contractaeque
428 2431 497 2451 cum
534 2421 637 2451 multis
673 2420 824 2451 amicitiae.

169 2467 265 2501 1224,
277 2466 308 2494 2.

129 2507 274 2546 Pasipho,
290 2507 438 2537 medicus.
452 2509 525 2542 873,
542 2509 593 2537 21.

128 2552 278 2581 Pataecus.
293 2552 387 2585 1478,
405 2552 456 2580 18.

129 2592 286 2623 Patrocles
309 2593 484 2629 Phlyensis,
498 2592 739 2631 >Demosthenem
757 2592 827 2622 latae

172 2635 252 2674 legis
270 2635 309 2664 de
324 2635 484 2671 classibus,
507 2646 561 2665 seu
577 2634 717 2673 collegiis
740 2635 826 2664 trier-

170 2677 352 2713 archalibus,
366 2687 433 2706 cnm
458 2682 643 2712 accusasset,
665 2687 757 2707 causa
775 2688 824 2707 ce-

172 2720 258 2755 cidit,
271 2725 302 2750 et
317 2720 479 2750 mulctatus
495 2725 553 2750 est.
566 2722 640 2756 261,
656 2722 707 2750 18.

129 2763 299 2797 Pausaniae,
314 2763 451 2800 Spartani
470 2763 562 2801 regis,
581 2762 752 2797 insolentia,
768 2772 827 2801 qua

170 2805 329 2835 victoriam
351 2805 388 2834 de
408 2805 513 2834 Persis
533 2805 683 2834 communi
702 2806 825 2834 Graeco-

169 2858 236 2878 rum
258 2857 351 2886 opera
366 2851 480 2886 partam
505 2847 564 2876 sibi
581 2848 637 2876 soli
654 2852 825 2886 arrogatum

170 2891 236 2920 ibat
250 2890 281 2919 in
298 2890 500 2930 inscriptione
514 2889 632 2919 donarii
648 2890 824 2920 communis.

170 2935 265 2968 1378,
282 2936 310 2962 1.

128 2976 306 3013 Pausanias,
321 2974 443 3017 ὁπόρνος,
454 2977 607 3014 stuprator
620 2973 823 3008 Theramenis.

893 373 977 396 ctore
1002 366 1181 401 Philocrate,
1206 365 1277 396 item
1303 368 1478 408 Phrynone,
1499 368 1546 408 (v.

892 409 936 439 ibi
954 409 1081 449 scripta)
1094 409 1124 439 in
1147 409 1224 438 hano
1248 409 1416 443 formulam,
1432 414 1465 439 ut
1480 420 1547 448 qua:

890 453 952 491 jam
967 452 997 481 in
1012 455 1164 491 potestate
1185 451 1309 481 haberet
1325 452 1496 491 Philippus,
1511 463 1548 482 ea

893 494 1048 525 retineret.
1069 495 1150 533 quod
1172 494 1226 523 illo
1250 494 1288 523 de
1306 494 1479 534 Amphipoli
1502 495 1550 524 in·

895 541 1090 576 terpretante,
1107 537 1345 567 Atheniensibus
1369 541 1480 567 contra¹
1493 548 1547 567 ex-

894 580 1089 619 cipientibus,
1102 589 1166 609 earn
1182 579 1253 610 olim
1269 589 1350 608 suam
1369 578 1472 615 fnisse,
1488 590 1546 609 non

895 624 972 662 ejus,
997 633 1093 662 eoque
1113 622 1172 652 sibi
1195 622 1379 652 reddendam
1403 632 1480 656 esse,
1495 623 1548 652 de-

897 675 1034 695 scensum
1053 670 1099 695 est
1114 666 1150 695 ad
1167 664 1385 695 correctionem
1402 664 1548 694 formula».

897 708 1074 738 Orationem
1089 708 1126 737 de
1142 708 1298 737 Haloneso
1312 707 1362 746 qui
1376 707 1510 746 scripsit,
1523 708 1550 736 is

897 755 1002 780 auctor
1016 751 1083 785 fuit,
1099 755 1133 779 ut
1149 751 1225 780 hunc
1237 750 1267 779 in
1282 750 1402 779 modum
1419 750 1551 788 corrige·

897 798 992 828 retur,
1005 798 1037 823 ut
1053 792 1215 832 Philippus
1231 792 1426 831 Amphipolin
1442 792 1550 822 redde-

895 840 953 871 ret,
970 840 1001 865 et
1016 841 1049 865 ut
1061 837 1176 865 Graecae
1191 835 1345 870 civitates,
1361 835 1458 865 neutri
1472 836 1551 874 parti

895 879 1037 915 addictae,
1050 888 1067 907 a
1084 883 1188 908 neutra
1198 879 1278 908 bello
1291 883 1482 908 vexarentur.
1499 881 1550 909 82.

897 931 943 960 sq.
968 921 1069 961 capita
1090 922 1180 960 hujus
1204 921 1290 960 pacis
1312 921 1476 960 praecipua.
1497 924 1550 957 63,

898 965 948 994 15.
966 967 1038 1001 105,
1053 965 1103 994 13.
1120 966 1192 1000 395,
1207 967 1260 996 25.
1280 974 1385 1002 pacem
1401 964 1477 994 hanc
1493 975 1552 994 non

897 1008 992 1037 suasit
1000 1007 1230 1042 Demosthenes,
1241 1007 1295 1036 sed
1305 1007 1458 1046 expressit
1468 1008 1552 1037 Grae-

897 1060 999 1080 corum
1010 1050 1146 1089 perfidia,
1158 1049 1357 1080 Athenienses
1367 1050 1434 1088 ipso
1446 1049 1475 1079 in
1486 1061 1552 1080 cer-

897 1093 1009 1124 tamine
1020 1093 1259 1123 destituentium.
1275 1095 1348 1128 231,
1362 1094 1412 1122 22.
1424 1093 1551 1132 primam

898 1137 964 1174 ejus
991 1137 1173 1166 mentionem
1202 1135 1307 1175 injecit
1332 1135 1553 1166 Aristodemus.

899 1181 972 1215 232,
983 1182 1012 1209 8.
1024 1179 1134 1209 deinde
1147 1179 1184 1208 ad
1197 1189 1263 1208 eam
1273 1179 1409 1208 hortatus
1422 1184 1467 1209 est
1479 1178 1552 1208 Phi·

897 1221 1038 1258 locrates,
1055 1221 1288 1260 suffragantibus
1304 1221 1423 1251 Eubulo
1444 1225 1475 1250 et
1490 1222 1554 1251 Ke-

897 1264 1108 1304 phisophonte.
1121 1264 1195 1294 ibid.
1207 1266 1259 1294 10.
1270 1264 1408 1302 injuriam
1419 1264 1476 1293 sibi
1489 1263 1553 1294 fieri

899 1307 1035 1346 queritur
1049 1312 1149 1337 orator
1161 1307 1198 1336 ab
1209 1307 1363 1343 AEschine,
1372 1306 1554 1345 principium

897 1350 983 1389 pacis
1001 1350 1060 1380 sibi
1081 1350 1261 1389 imputante.
1285 1351 1359 1384 233,
1377 1353 1428 1380 14.
1451 1355 1555 1380 contra

898 1393 1073 1424 criminatur
1087 1393 1179 1429 idem,
1195 1392 1383 1428 AEschinem,
1398 1402 1466 1422 cum
1482 1403 1554 1422 con-

894 1437 1016 1475 juratis,
1037 1446 1055 1466 a
1078 1436 1218 1476 Philippo
1243 1439 1427 1473 corruptum,
1452 1436 1483 1464 in
1506 1446 1554 1466 se-

899 1479 999 1510 cunda
1020 1479 1183 1518 legatione,
1198 1478 1292 1508 missa
1309 1478 1348 1508 ad
1366 1478 1553 1508 conditiones

898 1523 982 1561 pacis
994 1522 1191 1561 jurejurando
1202 1521 1388 1556 sanciendas,
1399 1521 1504 1551 insciis
1520 1526 1551 1552 et

898 1565 1003 1595 invitis
1039 1564 1290 1600 Atheniensibus,
1324 1568 1429 1594 contra
1461 1567 1552 1603 atque

900 1607 1105 1644 convenisset,
1135 1614 1167 1637 et
1193 1612 1298 1638 contra
1329 1606 1478 1641 mandata,
1508 1607 1552 1637 le-

898 1651 977 1690 gatis
985 1650 1248 1690 proficiscentibus
1257 1650 1402 1689 injuncta,
1413 1649 1554 1690 Philippo

898 1694 1059 1733 permulta,
1074 1704 1141 1733 qnae
1159 1693 1259 1733 ipsius
1274 1704 1291 1722 e
1307 1703 1352 1728 re,
1366 1692 1396 1722 in
1417 1693 1553 1723 fraudem

899 1737 1008 1767 Athen.
1023 1741 1135 1772 essent,
1150 1736 1349 1767 concessisse.
1363 1736 1438 1770 346,
1454 1739 1504 1767 12.
1522 1740 1553 1766 et

898 1790 985 1819 paene
1000 1783 1064 1809 tota
1077 1780 1210 1809 oratione
1225 1779 1264 1808 de
1281 1779 1356 1808 falsa
1371 1777 1532 1817 legatione.

857 1822 948 1853 Pacis
962 1832 1030 1852 cum
1053 1822 1199 1862 Philippo
1219 1827 1390 1861 postremae,
1405 1826 1475 1859 post
1496 1831 1554 1860 pu-

899 1876 987 1905 gnam
1002 1865 1122 1896 fatalem
1136 1866 1172 1894 ad
1187 1865 1380 1895 Chaeroneam
1396 1864 1555 1899 condictae,

897 1908 1009 1938 mentio
1025 1909 1058 1938 fit
1073 1908 1180 1938 obiter.
1204 1910 1278 1943 804,
1295 1909 1347 1938 14.
1370 1906 1420 1936 ubi
1438 1917 1475 1936 eo
1490 1906 1554 1936 dis-

899 1950 1035 1981 criminis
1064 1951 1106 1981 ait
1134 1961 1183 1981 res
1212 1950 1307 1980 fuisse
1337 1949 1495 1984 deductas,
1519 1955 1554 1979 ut

898 2004 1005 2033 parurn
1027 1995 1160 2030 abesset,
1185 1997 1218 2023 ut
1239 1992 1287 2023 vir
1306 2002 1383 2023 unus
1405 1991 1553 2022 universae

899 2036 1033 2067 civitatis
1046 2036 1205 2075 potiretur.

857 2080 922 2110 Pax
938 2090 1005 2109 cum
1024 2079 1198 2109 Alexandro
1213 2078 1260 2107 Μ.
1278 2081 1428 2107 contracta
1444 2077 1552 2116 primo,

900 2132 959 2161 quo
974 2122 1000 2151 is
1016 2132 1144 2161 regnare
1160 2119 1263 2160 coepit,
1275 2130 1361 2161 anno.
1375 2122 1447 2156 216,
1462 2123 1492 2151 3.
1507 2131 1553 2159 sq.

900 2170 930 2195 et
945 2169 1008 2194 tota
1022 2164 1074 2194 illa
1089 2164 1234 2194 oratione.

857 2207 1032 2246 Pelopidas,
1054 2208 1116 2237 dux
1136 2208 1306 2242 Thebanus,
1321 2207 1360 2236 ab
1381 2206 1553 2236 Alexandro

900 2251 1028 2280 Pheraeo
1043 2254 1159 2289 captus.
1180 2251 1253 2284 660,
1269 2249 1300 2279 5.

859 2293 1035 2332 Peparethii
1052 2303 1128 2332 pace
1150 2296 1270 2321 tenente
1294 2291 1482 2320 Halonesum
1504 2301 1554 2320 ce-

898 2339 1022 2375 perant,
1036 2339 1221 2374 quapropter
1236 2344 1302 2363 cum
1320 2343 1336 2362 a
1351 2333 1496 2372 Philippo
1506 2343 1555 2362 ca-

902 2379 1096 2418 stigarentur,
1106 2378 1305 2408 Athenienses
1319 2376 1349 2405 id
1365 2385 1445 2414 aegre
1460 2376 1556 2406 feren-

901 2426 959 2457 tes,
971 2431 1089 2451 causam
1102 2431 1204 2451 eorum
1215 2430 1297 2449 suam
1309 2418 1467 2448 faciebant.
1481 2421 1555 2455 162,

903 2468 932 2494 1.
957 2463 1119 2503 Peparethi
1135 2462 1314 2493 devastatio.
1329 2464 1403 2497 248,
1418 2463 1450 2492 5.

860 2506 1025 2537 Perdiccas
1054 2507 1086 2536 in
1120 2505 1301 2536 Macedonia.
1328 2509 1391 2533 tum
1417 2513 1556 2542 regnans,

902 2560 994 2588 quum
1011 2549 1124 2586 Persae,
1139 2549 1176 2578 ad
1194 2548 1321 2578 Plataeas
1333 2546 1418 2580 victi,
1433 2547 1554 2576 domum

903 2592 1015 2631 trepidi
1028 2593 1210 2631 refugerent,
1219 2589 1362 2627 reliquias
1372 2599 1474 2619 eorum
1485 2599 1556 2618 con-

901 2635 976 2665 fecit
992 2646 1000 2672 ;
1030 2636 1117 2673 cujus
1152 2632 1291 2663 beneficii
1329 2632 1484 2672 praemium
1518 2633 1555 2662 ab

902 2677 1135 2707 Atheniensibus
1163 2676 1292 2714 adeptus
1315 2680 1361 2703 est
1386 2674 1557 2705 immunita-

902 2724 1005 2750 tatem.
1021 2722 1095 2754 173,
1110 2721 1139 2748 8.
1155 2721 1229 2754 687,
1245 2721 1274 2748 5.
1297 2718 1367 2747 Non
1380 2717 1557 2754 Perdiccas,

903 2763 959 2792 sed
974 2766 1060 2801 pater
1076 2762 1153 2802 ejus,
1167 2760 1353 2796 Alexander,
1371 2763 1434 2789 tum
1450 2770 1557 2798 regna-

902 2806 962 2834 bat.
1005 2804 1084 2842 Quia
1104 2810 1202 2833 tamen
1221 2802 1384 2833 Perdiccas
1405 2802 1483 2840 regii
1505 2814 1557 2841 ge-

902 2847 981 2877 neris
998 2852 1028 2876 et
1043 2847 1125 2885 regni
1143 2847 1231 2876 heres
1248 2848 1324 2881 erat,
1335 2847 1398 2884 jam
1413 2850 1475 2874 tum
1496 2846 1557 2876 dici

902 2894 1019 2928 poterat
1034 2887 1197 2919 ξασιλεύων.

860 2932 1020 2962 Periandri
1052 2932 1114 2967 lex,
1143 2932 1181 2961 ad
1211 2941 1299 2970 quam
1328 2931 1357 2960 αἱ
1386 2929 1557 2970 συμμορίαι,

901 2975 1032 3014 collegia
1055 2974 1272 3011 trierarchalia,
1289 2979 1355 3004 sunt
1380 2974 1559 3013 composita.
