1910 3187
601 142 684 184 AD
719 137 1212 182 DEMOSTHENEM.

179 260 210 286 ul
228 266 244 285 e
259 266 288 295 p.
306 258 359 293 47,
375 259 427 287 19.
443 261 512 287 nata
534 255 594 286 sint
615 256 666 290 τῖς
679 255 787 289 πόλεως
802 253 888 284 ἔσται

176 300 230 328 vel
255 299 342 329 ἔστω.
382 301 442 329 Sed
471 300 593 339 legebat
618 300 732 328 Auctor
752 302 828 326 orat.
855 308 888 326 π.

179 342 299 380 ewra}-
325 353 355 381 p.
377 345 447 373 167.
465 345 523 373 20.
544 340 611 372 Jam
635 340 706 371 olim
726 337 796 368 ἀλλ’
811 338 826 369 ‘ri
845 340 887 369 Η.

181 384 324 414 VVoliius.

223 429 276 462 45,
294 430 344 457 15.
366 427 444 457 Mid.

181 467 214 497 ἄν
230 468 263 499 Sr'
279 469 394 503 ἱπᾶπυς
408 470 439 498 ἃν
450 471 463 500 ἦ
473 468 554 502 πόλις
563 467 683 508 καθίσῃ.
707 467 784 497 Vide
797 467 888 497 etiam

181 522 216 540 an
234 512 291 542 κᾶν
306 512 418 542 ὁντινοῦν
431 512 467 541 sit
485 512 584 550 glonna
602 521 659 549 pro
675 509 725 539 κᾶν
741 508 788 540 τὸν
801 509 888 540 δεῖνα.

184 555 232 583 vel
248 555 379 588 tandem,
402 564 494 593 quum
518 553 569 583 κᾶν
588 554 675 582 τινοῧν
699 553 752 582 det
771 563 826 582 ms.
851 563 886 582 an

181 596 243 635 leg.
267 597 350 632 δεῖνι,
373 595 451 626 ὅντιν’
467 596 499 626 ἂν
517 607 590 637 χειρ.
614 596 769 631 Ceterum,
794 596 819 624 si
838 595 887 624 καὶ

179 640 279 678 accipi
302 644 403 677 potest
422 640 575 678 quomodo
601 637 632 667 in
655 649 740 667 τουτο
765 637 886 674 ποίησον,

182 681 230 710 καὶ
247 680 328 711 wer:
315 694 379 722 νσῃ,
395 687 426 711 et
444 681 607 716 similibus,
623 681 723 710 forsan
739 682 887 711 vertenda

180 723 273 753 lectio
295 725 428 762 vulgata,
445 723 517 754 have
533 735 572 753 an
591 732 677 762 army
692 722 787 752 uhich
809 722 886 753 shall

179 767 274 805 ‘really
291 767 323 796 be
335 776 433 806 ynam-,s
446 767 509 796 and
526 768 549 797 it
567 765 629 795 will
644 766 710 804 obey
727 765 795 801 this,
810 766 884 802 that,

179 818 210 837 or
225 815 236 839 ε
240 808 330 838 ’other
342 810 475 849 general.

222 854 275 887 45,
293 854 344 882 20.
366 853 409 891 μὴ
429 851 565 882 ποιήσητε
587 849 688 880 τοῧΘ’“
676 863 687 880 ο
710 862 743 881 π.
761 850 786 880 ὑ.
800 848 884 880 '2¹31oe-

179 892 231 930 ψεν
245 912 287 917 —
304 896 420 924 ποιεῖτε.
442 894 581 932 Thucyd.
606 895 650 923 11.
676 896 728 924 60.
754 905 784 932 p.
810 897 883 929 135,

176 939 230 967 24.
245 939 299 978 χρὴ
312 954 355 959 -
368 937 480 976 ἀμύνειν
490 954 534 959 ——-
546 936 594 965 καὶ
608 938 651 975 μῆ
667 934 679 965 ὃ
694 937 735 966 νῦν
749 954 791 958 -—
801 936 883 976 δρᾶτε

176 996 219 1001 -
234 980 357 1019 ἐφίεσθε
383 979 431 1009 καὶ
445 997 488 1003 -
502 978 599 1019 ἔχετε.
624 979 686 1018 περὶ
707 979 827 1018 συντάξ.
849 990 881 1018 p.

176 1023 256 1057 167,
273 1024 326 1052 23.
351 1023 419 1061 lege
447 1033 514 1052 cum
542 1022 672 1051 Reiskio
693 1027 722 1051 et
744 1032 818 1053 mss.
839 1034 881 1060 μη

175 1063 267 1094 ταῦθ’
281 1065 352 1104 ὅπερ
366 1065 418 1094 νυνὶ
430 1063 578 1104 συμβαίνῃ·
594 1065 659 1098 τοὺς
671 1076 699 1094 σ.
712 1063 824 1103 κρίνετε,
835 1065 882 1093 καὶ

176 1117 221 1135 w·
210 1105 335 1145 eleo-‘rna
351 1108 432 1136 Ibid.
447 1118 478 1146 p.
489 1109 563 1142 176,
576 1108 628 1135 21.
643 1111 726 1135 recte
743 1107 882 1143 vulgatur

176 1147 242 1189 ὅπερ
257 1150 277 1178 οῖ
293 1160 327 1178 π.
342 1149 505 1180 πεπόνθασι
522 1160 557 1178 π.
574 1149 650 1187 ὑμᾶς
666 1149 712 1177 οὐκ
727 1146 816 1177 ἔνεστ’
831 1149 881 1177 αὗ-

174 1191 234 1226 τοῖς
254 1209 296 1214 -
317 1194 401 1221 τοῦτο
427 1192 474 1220 καὶ
499 1192 568 1230 ὑμῖν
593 1189 769 1229 περιέστηκε.
798 1192 921 1229 quod‘

174 1234 285 1263 misere
312 1235 440 1264 foedavit
471 1233 625 1263 Reiskius.
674 1233 788 1262 Eadem
817 1233 880 1262 sere

464 437 496 466 p.
517 426 593 460 585,
614 425 665 455 25.
684 425 716 454 ἄν
730 435 762 454 τε
777 423 889 464 χιλίους

174 1277 375 1312 consum-tio,
392 1276 474 1305 Mid.
491 1286 523 1314 p.
538 1277 612 1309 556,
630 1276 682 1304 23.
702 1279 732 1304 et
750 1275 878 1306 Androt.

172 1318 242 1348 init.
259 1319 338 1349 Vide
355 1329 401 1348 me
414 1320 451 1348 ad
464 1318 624 1356 Aristoph.
641 1327 670 1356 p.
689 1320 762 1348 152.

218 1363 272 1397 45,
290 1364 342 1393 25.
359 1363 399 1390 τὰ
414 1361 506 1402 μικρὰ
523 1360 696 1394 ωοιῆςαντες
710 1359 775 1400 καὶ]
795 1360 878 1401 πορί-

174 1415 288 1438 σαντες.
302 1406 374 1434 Var.
391 1404 462 1434 lect.
475 1414 544 1434 esse
560 1404 694 1433 videtur.

216 1449 270 1482 46,
287 1450 338 1476 11.
357 1447 475 1482 Malim,
487 1447 551 1481 τοὺς
565 1444 879 1486 συστρατευσαμένους.

168 1489 248 1519 Vide
262 1500 292 1529 p.
309 1491 362 1524 46,
378 1492 430 1519 ⁰21.

215 1535 270 1568 46,
283 1534 334 1564 27.
351 1533 430 1562 Vide
446 1534 498 1567 26,
513 1534 544 1562 6.

214 1577 268 1611 47,
287 1579 337 1605 14.
353 1575 462 1604 Reisk.
480 1575 549 1604 Ind.
565 1575 649 1615 ἱεροπ.

214 1620 269 1653 47,
297 1620 347 1648 15.
379 1617 516 1652 πηλίνους,
546 1617 567 1647 i.
589 1627 616 1646 e.
650 1615 812 1655 ἀνδριάντας
840 1626 880 1646 ex

172 1661 362 1693 πλάττοντες.
400 1661 450 1689 Ita
469 1659 568 1689 δούλων
590 1660 665 1688 latet
686 1660 716 1688 in
741 1658 882 1693 δουλείειν,

173 1704 262 1733 Foed.
282 1704 374 1733 Alex,
392 1713 424 1741 p.
450 1705 524 1737 212,
543 1705 596 1732 21.
620 1702 735 1731 Eadem
760 1701 880 1739 ellipsis

171 1746 319 1784 Xenopb.
341 1745 380 1774 de
399 1745 521 1784 Repub.
542 1744 656 1774 Laced.
677 1744 745 1778 111,
767 1745 796 1773 6.
822 1744 881 1773 bis.

170 1789 334 1827 Comparat
352 1787 517 1817 Lucianum
540 1791 562 1816 t.
586 1787 631 1816 ΙΙ.
655 1797 687 1825 p.
702 1788 777 1816 347.
801 1786 881 1816 Mei-

169 1832 240 1861 nek.
256 1831 292 1860 ad
309 1830 453 1860 Menand.
472 1840 502 1868 p.
518 1830 592 1859 275.

214 1876 268 1910 48,
281 1875 311 1904 9.
336 1874 431 1911 Lege,
453 1871 667 1911 πξοσ-ποςιεῖται
693 1871 733 1900 τὰ
754 1876 783 1900 λ.
805 1881 880 1911 quo-

172 1917 263 1946 modo
280 1921 342 1945 ires
358 1926 430 1945 mss.
448 1921 478 1944 et
494 1915 598 1944 aliusa
615 1918 694 1953 post.
710 1924 814 1946 manu.

213 1961 267 1994 48,
282 1960 333 1989 15.
347 1959 415 1987 Non
429 1957 493 1986 sine
510 1957 615 1996 specie
628 1957 803 1996 suspicamr
816 1958 880 1986 Au-

172 2002 469 2041 ge1·ius‚corrup[um
490 2010 560 2029 esse
576 1999 880 2040 Dionysium.(vide

172 2055 209 2074 an
235 2044 369 2083 epitome
396 2043 437 2072 sit
467 2042 542 2072 illud
572 2052 680 2081 opusc.
707 2041 880 2081 Dionysii.)

172 2088 240 2117 Ista
255 2091 338 2116 certe
365 2086 426 2125 περὶ
447 2087 499 2119 τῖς
521 2087 651 2124 φυλακῆς
671 2087 726 2114 τῶν
742 2086 881 2115 νησιωτῶν

172 2130 221 2159 καὶ
237 2131 292 2159 τῶν
306 2127 331 2158 ἓν
344 2127 549 2166 ’Ἑλλησπόντῳ
571 2127 678 2158 πόλεων
691 2127 819 2157 orationi
840 2128 880 2157 de

172 2172 330 2201 Haloneso
344 2171 431 2209 (vide
443 2182 496 2210 pp.
510 2174 561 2201 80.
575 2169 646 2209 86.)
661 2170 757 2203 multo
770 2170 880 2201 melius

173 2213 370 2247 conveniunt,
387 2224 474 2251 quam
492 2214 561 2242 huic
578 2213 714 2251 epilogo.
758 2213 817 2242 Sed
835 2213 880 2242 fa-

171 2257 232 2286 cile
249 2256 348 2295 potuit
365 2255 546 2293 Dionysius,
569 2255 639 2284 dum
662 2255 782 2290 πίνακας
803 2256 879 2285 anti-

172 2309 248 2339 quos
263 2297 468 2332 exscribebat,
481 2307 554 2327 casu
570 2298 707 2326 ordinem
723 2302 852 2328 mutare.

186 2362 190 2368 .
216 2345 270 2376 48,
301 2344 351 2372 19.
376 2339 491 2381 ἀρέσκῃ.
513 2340 666 2378 Symmor.
693 2350 724 2378 p.
750 2342 824 2375 182,

172 2385 304 2415 Prooem.
320 2394 350 2423 p.
367 2386 462 2418 1439,
480 2384 530 2412 17.
545 2385 640 2417 1443,
654 2384 685 2412 9.
701 2384 796 2417 1446,
813 2385 844 2411 4.

216 2430 269 2463 49,
285 2429 316 2456 6.
340 2426 419 2464 ὥξαν,
435 2426 457 2455 i.
471 2435 498 2455 e.
516 2424 587 2454 καθ’
608 2425 687 2465 ὥραν,
712 2429 745 2454 ut
774 2424 880 2464 Eurip.

171 2470 286 2500 Bacch.
302 2471 378 2500 723.
396 2468 488 2499 Barn.
504 2468 556 2496 ubi
574 2467 645 2497 vide
659 2477 725 2505 qu‘e
739 2468 880 2506 ascripsi.

172 2514 289 2542 Andoc.
313 2523 344 2552 p.
369 2513 420 2547 18,
442 2514 475 2541 4.
495 2510 633 2549 AEsohyl.
657 2511 788 2540 Eumen.
804 2512 879 2540 109.

173 2554 272 2595 ὡξαίαν
292 2554 372 2584 Phil.
390 2553 456 2586 III.
474 2563 506 2592 p.
524 2555 598 2588 123,
619 2554 667 2582 16.
692 2552 768 2591 ἑορτὴ
764 2564 783 2582 ν
798 2554 878 2583 Mid.

174 2595 452 2635 518,17.ημὲξας
471 2597 512 2626 ib.
536 2596 590 2625 21.
608 2594 711 2635 ἡμέραν
729 2598 880 2631 524,16.

174 2641 235 2669 Sed
252 2639 325 2679 quid
341 2639 477 2679 5431011*
490 2637 600 2679 ῥᾳδίως.
595 2636 605 2655 ²
630 2638 699 2667 Hoc
714 2648 770 2676 per
785 2649 817 2668 se
826 2639 880 2668 bo-

173 2693 257 2717 num,
274 2687 307 2710 ut
323 2693 353 2721 p.
369 2683 422 2718 53,
440 2684 492 2711 17.
512 2686 543 2710 at
558 2680 636 2710 their
651 2689 725 2710 ease.
742 2681 821 2721 [Sed
838 2681 880 2711 ibi

171 2725 275 2764 potius
287 2725 380 2763 junge
397 2734 463 2753 cum
484 2723 610 2762 Ψευδαμ.
629 2728 659 2752 et
676 2729 771 2759 verte,
789 2724 881 2763 ready

173 2775 202 2798 to
223 2767 259 2796 lie
280 2766 389 2806 asfast
403 2776 434 2795 as
456 2768 478 2795 it
499 2777 568 2806 may
591 2765 621 2794 be
643 2766 769 2796 wanted.
800 2766 882 2796 Vide

173 2810 280 2841 AEsoh.
304 2809 386 2838 Ctes.
412 2818 443 2846 p.
464 2811 517 2843 54,
533 2811 564 2837 7.
600 2809 711 2838 Confer
728 2808 876 2839 Aristocr.

175 2854 250 2888 683,
262 2852 313 2881 15.
329 2849 501 2889 ψευδομένων
514 2850 664 2889 ἑτοίμως.]

217 2897 271 2929 49,
284 2896 314 2924 9.
329 2892 444 2922 εἴσεσθε
462 2892 589 2922 Hieron.
607 2892 703 2923 Wolf.

217 2940 271 2973 49,
288 2938 340 2966 10.
358 2935 449 2966 Hunc
464 2935 564 2965 locum
582 2940 613 2965 et
630 2935 704 2965 infra
722 2934 830 2966 Chers.
848 2946 879 2975 p.

1608 137 1633 176 5

923 255 976 289 94,
991 255 1022 284 3.
1040 256 1092 288 93,
1111 257 1140 283 1.
1158 254 1258 283 forsan
1276 258 1305 283 et
1321 263 1355 284 π.
1376 253 1494 293 συντάξ.
1508 265 1538 294 p.
1557 256 1631 290 167,

922 298 973 326 24.
992 297 1128 335 sublegit
1141 298 1255 326 Aucior
1270 297 1632 336 Prooem.⁶21.p.1432,

923 341 973 368 13.

963 381 1017 417 50,
1038 383 1088 411 16.
1113 381 1231 417 Malim,
1252 380 1306 412 οὐδ’
1318 379 1506 420 ἀνεξέταστον
1527 381 1598 424 (οἰδὲ
1602 381 1631 424 ν)

920 421 974 453 οὐδ’
985 442 1036 453 -.

964 467 1016 502 50,
1035 468 1086 497 22.
1101 466 1187 507 χωςὶς
1197 467 1277 496 οἰκεῖν
1293 467 1332 495 de
1349 465 1478 496 civibus.
1496 467 1628 497 Macart-

922 511 1061 544 1056,3.
1086 511 1199 548 Everg.
1215 515 1245 538 et
1270 509 1372 539 Mnes.
1398 512 1492 543 1149,
1514 513 1565 540 23.
1590 512 1627 540 de

920 551 1051 581 libertis.
1078 553 1191 589 Everg.
1223 558 1253 581 et
1280 552 1346 581 Mn.
1362 555 1456 587 1161,
1478 555 1526 582 15.
1553 564 1627 592 quo-

919 604 988 624 cum
1009 596 1076 624 loco
1093 596 1214 624 omnino
1227 596 1332 624 confer
1347 596 1441 629 1156,
1460 598 1488 624 1.

963 640 1016 671 50,
1031 640 1083 667 26.
1107 639 1132 666 Ε
1147 638 1289 676 Thucyd.
1302 637 1329 666 I.
1348 639 1418 666 14⁴2.
1435 637 1544 667 Confer
1560 638 1628 668 Liv.

920 680 1061 710 XXXI.
1077 683 1129 711 48.
1150 690 1181 718 p.
1207 683 1260 714 65,
1281 683 1329 710 14.
1347 679 1474 719 (AEscb.
1492 681 1577 710 cies.
1595 691 1627 719 p.

919 724 972 757 77,
990 725 1020 752 8.
1038 724 1192 760 respicere
1206 722 1326 752 videtur
1339 723 1480 761 Thucyd.
1497 723 1627 760 locuni.)

962 767 1015 799 50,
1028 767 1079 795 27.
1094 766 1173 793 Vide
1183 775 1213 804 p.
1227 767 1280 802 4⁰2,
1293 768 1322 795 8.
1340 765 1472 795 Prooein.
1487 776 1518 805 p.
1529 768 1626 802 1428,

918 811 950 838 4.
964 811 995 837 et
1010 818 1038 846 p.
1055 811 1107 842 42,
1124 809 1175 842 23,
1193 810 1246 843 43,
1262 810 1311 838 16.

961 851 1056 885 51,7.
1077 851 1158 879 Hinc
1176 851 1248 879 Pro.
1268 854 1298 880 1.
1315 852 1460 890 p.1419,
1479 852 1530 880 14.

961 895 1014 927 51,
1032 895 1083 922 13.
1104 893 1148 922 ὅτι
1167 893 1209 921 δεῖ
1231 892 1310 932 [τοὺς
1326 892 1414 932 ὀρθῶς
1429 911 1471 915 -
1486 893 1627 933 πραγμά-

917 947 972 965 των
987 935 1051 976 καὶ]
1080 934 1127 966 τὲν
1143 935 1226 965 αὐτὰν
1240 953 1282 958 ——-
1297 941 1327 965 et
1348 946 1419 965 mox
1442 937 1494 971 52,
1518 939 1550 965 4.
1568 935 1627 966 οὐδὲ

916 977 968 1018 πρὸ
983 996 1024 1001 ——
1040 989 1075 1008 π.
1092 977 1174 1013 οὐδὲν,
1190 979 1308 1008 intrusa
1323 978 1474 1017 suspicor.

959 1020 1198 1056 51,14.P1ato
1214 1022 1277 1050 The
1263 1026 1362 1051 aetet.
1383 1031 1418 1062 p.
1436 1023 1508 1051 162.
1528 1020 1566 1050 B.
1591 1021 1627 1050 C.

915 1085 1017 1144 ὑπηξε·
991 1105 1062 1140 ’ται,
1085 1105 1154 1135 ἀλλ’
1180 1106 1201 1135 οἱ
1230 1105 1306 1144 λέγει
1336 1108 1357 1135 οἳ
1384 1105 1512 1145 ἡμέτεροι
1539 1106 1628 1145 ὥςπερ

913 1147 1033 1177 οἶκὲται.
1074 1148 1156 1177 Hinc
1179 1148 1288 1177 Livius
1306 1148 1367 1178 IX.
1388 1151 1438 1178 18.
1464 1158 1553 1186 prop.
1577 1149 1627 1177 fin.

927 1191 1084 1219 ‘manunt
1107 1190 1246 1219 consiliis
1270 1194 1391 1225 cuncta,
1415 1200 1472 1219 non
1493 1201 1627 1229 sequun-

914 1232 996 1261 tur.'’
1026 1233 1085 1262 Ubi
1103 1238 1253 1271 praelerea
1270 1233 1393 1271 Olynth.
1411 1232 1439 1262 1.
1456 1243 1486 1272 p.
1505 1235 1558 1269 10,
1574 1237 1626 1263 10.

913 1275 1039 1313 respici,
1057 1279 1140 1304 notat
1154 1275 1340 1304 Gronovius.

955 1319 1008 1351 51.
1026 1320 1079 1347 24.
1107 1318 1208 1351 οὐδενος
1228 1316 1252 1346 δ’
1272 1316 1470 1347 ἀπολείπεσὲι
1490 1318 1574 1347 delet
1594 1319 1625 1348 J.

913 1358 1015 1400 Kaye,
1036 1365 1120 1389 reete
1145 1367 1179 1390 ut
1202 1360 1321 1398 opinor.
1374 1361 1466 1390 Nunc
1489 1366 1575 1399 puto,
1603 1360 1628 1390 si

913 1403 1064 1432 servanda
1078 1408 1159 1439 sunt,
1176 1413 1297 1432 sensum
1313 1413 1392 1441 esse,
1405 1412 1464 1442 you.
1478 1412 1528 1432 are
1544 1413 1630 1433 never

912 1446 945 1475 in
966 1447 1033 1475 time
1047 1445 1065 1475 Ι
1079 1446 1184 1482 allow,-
1208 1446 1259 1474 but
1274 1455 1332 1485 you
1354 1456 1405 1475 are
1425 1446 1495 1485 busy
1512 1446 1629 1486 enough

913 1488 1188 1528 notwithstanding.
1211 1489 1281 1523 Vel,
1293 1489 1317 1517 si
1335 1489 1443 1523 mavis,
1458 1498 1515 1527 yon
1530 1498 1580 1518 are
1592 1499 1630 1518 no

913 1530 1007 1560 where
1022 1537 1050 1561 to
1064 1531 1100 1560 do
1113 1541 1174 1569 any
1187 1528 1273 1571 good,
1294 1535 1341 1569 yet
1355 1541 1414 1570 you
1433 1532 1469 1560 dn
1482 1529 1548 1560 take
1562 1541 1629 1562 care
1674 1530 1678 1533 ¹

914 1577 942 1602 to
957 1574 989 1603 be
999 1583 1087 1612 every
1103 1573 1206 1603 where.
1247 1574 1308 1602 Sed
1326 1574 1419 1603 lectio
1436 1574 1553 1603 incerta
1569 1579 1628 1604 est.

914 1617 961 1644 An
979 1617 1142 1654 adjuvante
1152 1615 1269 1654 optimo
1282 1617 1390 1645 codice
1403 1617 1435 1646 S.
1450 1617 1627 1654 legendum,

914 1657 988 1688 οὐδὲν
1012 1658 1036 1687 δ’
1059 1657 1245 1692 ἀπολείπετε,
1267 1659 1311 1687 nil
1333 1660 1512 1688 intentatum
1536 1660 1626 1688 relin-

913 1702 1013 1741 quitis,
1031 1701 1073 1730 nil
1090 1701 1198 1739 reliqui
1214 1701 1331 1730 facitis?

957 1746 1010 1779 51,
1026 1746 1077 1774 26.
1103 1745 1199 1772 Ηεοίε
1221 1744 1306 1783 expl.
1332 1742 1435 1783 ἔχεται
1462 1743 1571 1773 Reisk.
1596 1743 1626 1773 in

912 1785 1026 1816 indice.
1072 1786 1240 1816 Diversum
1264 1791 1310 1816 est
1334 1787 1408 1815 illud
1434 1786 1558 1815 Luciani
1584 1788 1626 1816 D.

914 1828 1012 1858 Mort.
1033 1830 1084 1858 27.
1100 1841 1129 1868 p.
1146 1831 1220 1860 438.
1243 1828 1276 1858 τό
1291 1829 1410 1868 τραῦμα.
1424 1827 1448 1857 ἐν
1458 1829 1523 1858 ταῖν
1537 1830 1628 1869 χεξοῖν

913 1870 988 1912 εῖχε.
1013 1871 1094 1911 quod
1111 1876 1194 1901 recte
1210 1871 1294 1910 capit
1308 1871 1502 1900 wielandus.
1530 1871 1628 1901 Poeta

914 1924 1080 1952 anonymus
1096 1915 1176 1953 apud
1195 1914 1354 1944 Plutarch.
1369 1914 1408 1942 de
1422 1914 1544 1951 Gari-ul.
1560 1918 1582 1943 t.
1596 1918 1628 1945 2.

913 1966 944 1995 p.
961 1959 1035 1988 513.
1051 1958 1086 1986 E.
1102 1956 1172 1987 ὅπου
1186 1968 1231 1991 τις
1246 1957 1344 1994 ἀλγεῖ,
1360 1957 1438 1987 κεῖσε
1455 1956 1516 1997 (ita
1528 1957 1625 1986 Scali-

914 2009 969 2039 ger
985 1999 1014 2028 in
1033 1998 1196 2037 stromat.)
1212 1999 1259 2028 καὶ
1275 2001 1324 2029 τὴν
1339 1997 1413 2039 χεῖς’
1428 1998 1502 2039 ἔχει.

956 2044 1010 2077 52,
1028 2045 1058 2073 4.
1082 2042 1135 2082 πςό
1153 2044 1210 2071 τῶν
1235 2043 1419 2082 πξαγμεὶτων
1444 2043 1503 2070 huc
1529 2045 1629 2071 tracta

913 2084 1057 2115 videntur
1073 2096 1089 2114 e
1105 2087 1144 2115 de
1161 2086 1240 2114 Pace
1265 2086 1330 2114 init.
1353 2083 1466 2113 Confer
1480 2084 1564 2114 Phil.
1581 2084 1627 2114 II.

915 2138 944 2167 p.
961 2129 1014 2163 67,
1039 2130 1071 2158 8.
1089 2130 1140 2159 24.
1172 2128 1281 2157 Totum
1304 2127 1373 2161 hoc,
1389 2125 1447 2156 οὐδὲ
1465 2125 1626 2167 πςό-πς.

914 2169 997 2209 οὐδὲν,
1013 2170 1079 2199 sine
1094 2171 1203 2199 damno
1219 2170 1329 2200 abesse
1345 2174 1475 2208 poterat.

956 2214 1009 2248 52,
1030 2216 1080 2242 11.
1108 2211 1354 2253 [κατέστραπται
1375 2211 1440 2251 καὶ]
1467 2211 1627 2251 προείληφε.

914 2254 965 2284 An
982 2266 1020 2284 ex
1037 2264 1068 2293 p.
1084 2258 1137 2290 42,
1154 2257 1205 2286 29.
1230 2255 1290 2284 Sed
1310 2254 1380 2284 vide
1396 2257 1449 2289 41,
1469 2256 1521 2285 28.

958 2298 1012 2333 52,
1030 2301 1081 2327 21.
1103 2298 1258 2327 στῆσεται.
1281 2296 1371 2337 [vid.
1399 2297 1436 2325 nd
1463 2296 1546 2326 Phil.
1570 2296 1628 2326 IV.

847 2343 880 2371 1.
915 2349 947 2378 P.
967 2343 1039 2369 141.
1054 2340 1101 2379 3]
1131 2339 1215 2369 Hinc
1238 2350 1284 2369 or.
1302 2338 1360 2368 Ph.
1377 2338 1436 2367 IV.
1454 2349 1487 2377 p.
1504 2342 1578 2375 134,
1596 2341 1628 2370 3.

916 2382 995 2411 Vide
1014 2381 1148 2411 Prooem.
1168 2383 1225 2411 41.
1249 2391 1280 2420 p.
1297 2382 1396 2416 1450,
1419 2382 1449 2411 3.
1471 2385 1502 2411 et
1524 2382 1574 2411 bic
1589 2382 1629 2411 ad

917 2427 990 2459 136,
1006 2425 1038 2454 5.

958 2469 1012 2502 52,
1027 2469 1078 2497 24.
1113 2468 1160 2497 Ex
1183 2477 1244 2497 uno
1269 2476 1326 2496 ms,
1348 2465 1445 2496 edidit
1469 2465 1630 2503 Reiskius,

915 2509 1028 2549 τριήρεις
1047 2511 1192 2543 πολιτικῐς
1207 2510 1350 2548 δυνάμεως
1365 2509 1454 2542 κενὶς,
1476 2508 1632 2545 glossema

915 2553 1118 2583 manifestum.
1164 2554 1264 2582 Recte
1281 2552 1363 2589 vulg.
1379 2558 1409 2580 ut
1423 2551 1549 2589 Olymh.
1563 2551 1629 2582 III.

915 2605 946 2635 p.
961 2597 1014 2630 30,
1034 2598 1064 2624 1.
1082 2594 1132 2624 ubi
1149 2605 1206 2624 ms.
1223 2595 1300 2624 Bav.
1316 2594 1395 2632 apud
1414 2594 1524 2623 Reisk.
1539 2595 1629 2629 κενάς·

915 2640 993 2671 κενὰς
1009 2639 1158 2670 πολιτικῆς
1173 2635 1317 2670 Βοηθείας.

959 2682 1013 2716 52,
1031 2683 1082 2711 25.
1106 2679 1218 2710 Reisk.
1236 2679 1304 2708 Ind.
1320 2675 1435 2716 ἓμβαίν.

959 2724 1014 2758 54,
1043 2726 1072 2752 1.
1108 2722 1259 2761 κακούξγου
1285 2720 1340 2760 μὲν
1365 2721 1419 2760 γὰρ
1430 2720 1631 2761 -πολεμίοις

916 2765 1045 2795 delenda
1062 2770 1148 2806 pum.
1171 2766 1280 2802 Neque
1294 2763 1394 2803 placet
1405 2763 1530 2798 θάνατος
1540 2766 1632 2794 toties

916 2809 1113 2838 inculcatum,

960 2853 1013 2890 54,
1026 2853 1056 2881 9.
1073 2846 1279 2889 πεπςαγμένων
1287 2866 1327 2871 —
1335 2846 1554 2889 πεπραγμένοις.
1573 2847 1632 2878 ΑΙ»

916 2897 1064 2922 teratrum
1083 2892 1182 2921 mendi
1206 2896 1394 2931 suspectum.
1442 2892 1549 2921 Utrum
1567 2893 1632 2930 pri-

917 2935 980 2965 oris
998 2936 1066 2965 loco
1082 2935 1144 2975 leg.
1161 2935 1345 2974 otgunt-cismar
1366 2934 1479 2976 (geddy
1494 2934 1564 2964 with
1584 2935 1632 2966 the

988 2987 1003 3006 c
