1822 3187
607 172 1095 218 DEMOSTHENEAE.

157 285 188 314 6.
211 283 256 313 διὰ
271 284 319 314 τὴν
334 280 470 323 ἦμετέξαν
483 280 602 313 εὐήθειαν
611 279 820 323 καὶφιλανθρω-

155 326 239 362 viar,
255 336 271 355 e
287 326 492 356 Demosthene
507 326 582 355 citat
591 327 721 356 Thomas
733 325 778 355 M.
789 325 819 354 h.

155 379 176 398 v
200 381 230 410 p.
243 371 317 400 382.
332 369 457 398 καθόλου
467 367 595 408 φαίνεσθέ
605 380 655 409 μοι
667 367 694 398 ἐν
702 368 819 408 μεγάλῃ

155 411 266 452 εὐηθείᾳ.
280 411 411 442 ἔσεσθαι.
427 412 502 448 251,
511 414 542 441 4.
563 411 610 441 οὐκ
622 410 691 450 ᾤετο
706 411 759 441 δεῖν
770 421 820 443 της

155 454 294 496 ἡμετέρας
307 455 434 488 εὐηθείαις
443 453 612 486 ἀπολαύειν.
622 444 697 488 717,
709 456 739 484 2.
761 452 819 483 ἀπὸ

155 499 207 530 τῆς
220 498 353 532 συνήθους
369 496 486 532 εὐηθείας
499 489 714 530 εἰσεληλυθότες
728 496 819 526 καθε-

155 539 264 570 δεῖσθε.
278 543 354 577 773,
370 543 400 571 8.
420 538 546 573 ευηθείας
563 539 673 573 ταύτης
693 537 763 569 δίκην
780 539 824 570 δεῖ

155 583 233 621 ὑμᾶς
247 583 352 613 διδόναι.
373 583 467 617 1454,
484 587 513 612 1.
535 583 643 615 πολλῆς
663 581 741 611 ἐστιν
761 583 820 613 εὐη-

155 624 236 660 θείας
250 626 368 664 μεστός.
386 627 478 659 1482,
493 626 546 655 27.
569 623 615 654 ἐὰν
629 624 658 655 δὲ
674 623 771 666 δείξῃς,
785 627 821 659 ὡς

154 666 188 697 δι’
197 668 325 704 εὐύθειαν,
335 668 349 699 ἢ
361 667 481 705 ἄγνοιαν,
492 668 566 697 citat
578 668 770 708 Porphyrius
782 669 819 698 ad

157 712 380 750 Hermogenem
395 720 427 749 p.
441 712 516 745 163,
533 712 584 739 11.

111 753 225 795 εὐήθης]
249 755 332 784 τοῦτο
353 755 499 786 παντελῶς
519 752 616 786 εὔηθες
631 751 732 791 ᾠήθης.
747 755 821 790 228,

155 798 206 826 27‘.
228 795 327 830 εὐήθης
337 795 552 836 ἀναμαρτήτως.
570 798 665 832 1407,
682 799 734 827 22.

110 837 208 872 εὐθέως
223 840 403 880 παραχρῆμα
417 837 524 878 ἔδειξεν.
536 840 632 874 1237,
647 840 699 869 21.

110 880 235 917 εὐθηνεῖν,
255 882 307 912 vel
329 881 460 923 εὐθενεῖν]
487 881 606 912 εὐθηνεῖν
625 881 673 910 καὶ
695 881 818 921 εὐδοξεῖν.

154 926 208 961 94,
222 925 275 955 25.
296 923 477 955 εὐθηνούντων
491 925 556 966 [vel
572 922 754 966 εὐθενούντων]
768 927 825 955 τῶν

152 967 344 1007 πςαγμάτων.
363 969 439 1005 321,
460 970 492 998 7.
524 969 574 999 τὴν
595 967 675 999 πόλιν
700 968 822 1000 εὐθηνεῖ-

152 1010 238 1040 σθαι.
248 1012 324 1046 413,
340 1013 370 1042 9.

109 1051 270 1093 εὐθυδιαία]
293 1052 503 1091 ἀπολογεῖσθαι
516 1051 672 1083 κελεύουσιν
691 1053 713 1082 οἱ
733 1053 823 1093 νόμοι,

153 1094 310 1126 εὐθυδικίαν
325 1096 456 1132 εἰσιόντα,
471 1096 500 1126 οὐ
515 1097 674 1135 κατηγορεῖν
687 1097 737 1126 τοῦ
760 1097 822 1126 διώ-

153 1148 257 1172 κοντος.
288 1139 496 1168 defensionem
525 1138 569 1168 ita
596 1149 757 1178 peragere,
787 1143 823 1169 ut

154 1191 225 1211 reus
254 1181 400 1211 destricte
423 1186 516 1219 neget
540 1181 671 1217 crimen,
692 1187 724 1211 et
745 1192 762 1212 a
787 1192 822 1211 se

156 1224 329 1259 amoliatur,
346 1224 486 1253 docendo
510 1234 544 1253 se
565 1234 649 1253 reum
673 1224 740 1265 ejus
763 1234 821 1253 non

154 1277 427 1305 esse,nequaquam
441 1276 513 1296 vero
526 1267 692 1296 orationem
705 1267 734 1296 in
751 1276 822 1305 pro-

155 1310 218 1338 bris
240 1318 419 1338 consumere
439 1309 471 1338 in
491 1314 701 1338 accusatorem
724 1314 821 1338 retur-

153 1351 295 1391 quendis.
311 1353 385 1386 908,
399 1355 430 1381 7.
453 1351 601 1390 πςολαβὼν
616 1350 643 1380 δέ
662 1363 729 1390 μου,
745 1352 821 1381 ὥστε

153 1393 281 1435 πρότερος
302 1393 401 1432 λέγειν,
424 1394 466 1423 διὰ
488 1393 522 1422 τὸ
543 1395 728 1434 παξαγραφῆν
741 1393 821 1429 εῖναι,

154 1438 204 1466 καὶ
214 1439 258 1478 μὴ
267 1435 412 1477 εὐθυδικίᾳ
419 1435 544 1467 εἰσιέναι.
556 1439 653 1472 1103,
666 1440 713 1467 11.
738 1437 821 1476 Ergo

153 1490 224 1511 reus
236 1480 268 1510 in
278 1481 334 1510 hoc
346 1490 457 1520 genere
469 1489 627 1509 causarum
637 1489 716 1518 pone
733 1490 823 1509 accu-

155 1528 284 1554 satorem
299 1523 422 1553 dicebat
436 1533 570 1558 causam,
586 1526 617 1551 et
641 1523 824 1559 agnoscebat

154 1568 252 1596 sorum
268 1571 453 1606 competens,
469 1575 566 1604 neque
583 1565 760 1604 defugiebat
772 1566 823 1605 ju-

154 1609 232 1639 dicii
261 1610 300 1639 de
327 1619 361 1638 se
385 1613 579 1648 potestatem,
605 1618 704 1647 neque
731 1619 824 1638 exce·

155 1652 261 1691 ptione
277 1653 340 1682 ulla
355 1653 506 1681 utebatur.
549 1652 627 1681 Sunt
650 1661 725 1690 ergo
739 1651 823 1681 εὐθυ-

156 1694 229 1724 δικία
252 1700 284 1725 et
307 1696 477 1736 παραγςαφῆ
503 1694 582 1723 inter
609 1703 642 1723 se
669 1695 824 1733 opposita.

156 1738 296 1768 adscribe
312 1738 406 1768 verba
421 1737 599 1766 Scholiasta:
615 1736 654 1766 ad
674 1738 824 1778 Hermog-

156 1791 190 1820 p.
207 1783 280 1812 115.

115 1822 228 1854 εὐθύνειν
253 1822 343 1854 πόλιν.
373 1823 541 1862 gubernare
562 1820 731 1852 civitatem.
750 1824 826 1861 418,

159 1869 211 1898 24.
236 1866 339 1896 εὐθύνει
354 1865 432 1899 δίκας
445 1865 571 1898 σκολιάς.
585 1867 660 1900 423,
674 1868 705 1896 3.

114 1909 226 1950 εὐθύνη]
243 1910 375 1944 exactio,
394 1908 590 1943 examinatio,
605 1907 678 1938 item
693 1908 825 1939 redditio

157 1953 284 1983 rationis
309 1957 405 1991 gestae
429 1951 607 1991 provinciae.
637 1950 749 1981 εὐθύναι
773 1955 827 1981 τῶν

159 1994 413 2035 πεπολιτευμένων
431 1993 526 2036 ῥοίδιαι.
547 1996 597 2029 17,
613 1996 665 2024 14.
686 1993 828 2030 δικαστὰς

158 2037 246 2068 οἴκαδ’
259 2036 388 2071 ἐλθόντας
402 2040 456 2066 τῶν
469 2035 587 2067 εὐθυνῶν.
599 2038 651 2072 53,
664 2039 715 2067 23.
737 2048 827 2077 στρα-

159 2081 261 2119 τηγίας
287 2083 342 2115 τὰς
371 2080 485 2113 εὐθύνας
510 2080 656 2113 ἀπαιτεῖς.
675 2082 750 2115 308,
774 2083 826 2112 23.

159 2126 215 2153 τῶν
236 2123 284 2154 επι
306 2126 362 2157 τας
386 2121 494 2156 εὐθύνας
521 2122 667 2152 ἐλθόντων.
699 2123 752 2162 qui
779 2134 826 2153 ra-

161 2166 258 2196 tiones
280 2167 318 2196 ab
337 2177 374 2196 eo
389 2166 554 2205 repetitum
575 2167 669 2195 ibant.
685 2168 759 2204 341,
775 2169 827 2197 18.

161 2211 216 2242 τὰς
229 2208 369 2250 Ἀθήνῃσιν
391 2209 507 2242 εὐθύνας
527 2209 696 2249 κατηγορεῖν.
719 2208 751 2239 in
772 2210 828 2239 ali-

161 2262 250 2291 quem
265 2263 355 2291 agere
366 2250 397 2280 in
413 2252 479 2280 soro
488 2251 589 2281 Attico
601 2262 639 2281 ex
653 2252 743 2281 titulo
758 2253 828 2282 red-

162 2295 272 2324 dendae
291 2295 428 2324 rationis.
444 2296 519 2329 366,
534 2295 585 2324 25.
607 2294 691 2324 τοῖἱτο
705 2295 759 2335 γάρ
775 2295 829 2324 εἰσι

161 2336 313 2378 πρεσβείας
327 2337 440 2367 εὐθύναι.
454 2339 528 2371 367,
546 2339 576 2372 2,
598 2336 637 2370 εἷς
649 2336 681 2366 τὸ
693 2336 830 2368 δικαστή-

161 2392 209 2421 ριον
227 2379 403 2414 εἰσελθόντας
425 2382 480 2414 τὰς
504 2378 574 2419 ὑπὲξ
597 2379 704 2410 τούτων
723 2378 831 2415 εὐθύνας

163 2423 339 2458 δικάσοντας.
355 2425 430 2458 382,
446 2425 476 2454 3.
499 2421 607 2456 εὐθύνας
623 2421 710 2460 λόγων
727 2422 830 2462 ὑφέξει.

163 2468 239 2502 398,
254 2469 305 2496 17.
328 2468 398 2496 Νοη
414 2466 513 2495 solum
528 2464 625 2495 εὐθύνη
639 2465 670 2494 in
687 2467 832 2497 nominat.

164 2510 243 2549 sing.
268 2510 322 2539 sed
346 2510 435 2539 etiam
459 2507 552 2538 εὐθύνα
575 2508 735 2546 reperitur.
757 2512 832 2546 717,

163 2553 215 2582 19.
251 2552 330 2590 ὑμᾶς
357 2554 412 2585 τὰς
439 2551 556 2585 εὐθύνας
586 2550 684 2581 διδόναι
714 2554 832 2582 ποιοῦσι.

165 2596 261 2629 1459,
277 2595 309 2624 5.

121 2635 206 2670 εὐθὺς
228 2636 336 2671 ἰδόντες.
359 2636 461 2667 statim
484 2641 518 2665 ut
534 2635 687 2671 videritis,
704 2636 742 2666 ab
764 2635 834 2674 ipso

165 2679 304 2717 protinus
323 2683 500 2718 conspectu.
517 2681 592 2714 151,
608 2681 662 2709 16.
683 2679 727 2717 τῷ
748 2689 835 2718 προσ-

165 2719 274 2760 γράψαι
290 2720 322 2751 τὸ
343 2727 474 2752 ΕΎΘὙΣ.
492 2724 567 2756 639,
585 2725 638 2752 10.
666 2721 742 2755 εὐθὺς
764 2722 837 2750 ἀπε-

165 2765 268 2797 κτονὼς
282 2763 380 2800 Κότυν,
396 2765 427 2793 id
445 2769 504 2801 est,
520 2764 606 2798 εὐθὺς
618 2766 699 2803 μετὰ
709 2763 745 2793 τὸ
757 2765 835 2793 ἀπε-

166 2805 288 2836 κτονέναι
304 2806 401 2836 Κότυν.
423 2808 498 2842 662,
513 2810 565 2837 10.
589 2806 667 2841 εὐθὺς
684 2807 734 2836 τοῦ
750 2805 837 2845 ψηφί-

166 2860 285 2888 σματος
299 2847 561 2888 ἀναγινωσκομένου.
572 2853 625 2885 81,
634 2852 687 2879 12.
702 2851 744 2879 ita
756 2849 836 2888 apud

167 2892 370 2930 Xenophont.
396 2891 511 2930 Ephes.
534 2902 567 2930 p.
594 2893 647 2923 53.
672 2893 710 2922 ad
735 2892 775 2921 fin
798 2901 837 2920 m.

168 2933 253 2968 εὐθὺς
275 2932 422 2975 ἀχθέντος.
443 2933 542 2973 gleich
556 2933 660 2976 draus,
679 2945 708 2964 so
727 2902 795 2964 bulg
809 2943 840 2963 er

172 2986 232 3005 war
250 2978 295 3007 ins
321 2977 407 3007 Hans
426 2976 565 3018 gebracht
590 2979 703 3008 worden
726 2977 841 3019 [imme-

1485 177 1563 218 139

894 279 1019 319 diately,
1044 289 1076 310 as
1097 282 1163 309 sodn
1183 290 1215 310 as
1234 280 1267 311 he
1286 292 1344 313 was
1360 283 1484 324 brought
1498 285 1560 314 into

895 321 943 351 the
967 321 1078 363 house}
1101 322 1178 356 εὐθὺς
1198 327 1379 366 παςαχςημα
1402 325 1451 358 ὐπ’
1469 327 1561 358 αὐτῶν

894 363 1144 420 ἐξελεγχθήσεται.
1160 369 1255 402 1178,
1273 371 1324 397 14.

852 407 980 448 εὐκαίςως
999 408 1072 448 πρὸς
1086 407 1211 439 ἅπαντα
1226 410 1325 439 ταῦτα
1337 410 1529 452 συγκεκξαμέι
1523 423 1562 442 ,ην

894 462 944 482 την
964 462 996 481 εκ
1017 464 1067 481 του
1086 453 1248 491 φιλοσοφειν
1261 452 1403 483 παιδείαν.
1423 457 1516 489 1414,
1529 457 1562 484 7.

852 494 1101 535 εὐκαταφρόνητος]
1126 494 1191 536 πρὸς
1209 497 1370 526 τηλικουτον
1391 494 1468 533 ὄγκον
1488 508 1561 535 πρα-

894 538 1019 577 γματων
1032 537 1276 579 εὐκαταφρόνητος.
1293 541 1367 575 154,
1383 542 1435 569 20.
1458 538 1562 579 §Agea-

895 591 937 619 ρος
952 580 999 610 καὶ
1013 580 1259 622 εὐκαταφρόνητος.
1274 585 1369 618 1110,
1380 582 1434 611 ult.

853 622 1097 664 εὐκατέργαστος]
1133 623 1233 663 πολλῷ
1266 625 1364 654 πάντα
1393 625 1561 664 εὐκατεξγα-

897 667 1019 706 στότερα
1035 667 1102 706 ὑμῖν
1116 667 1234 698 ποιήσει.
1251 669 1345 703 1464,
1359 668 1409 697 15.

853 708 976 738 εὔκλειαν
989 709 1093 750 ἀγήρων
1103 708 1346 742 καταλελοίπασι.
1361 712 1458 746 1399,
1475 712 1527 740 14.

853 751 999 790 εὔκοσμος.
1012 753 1087 788 422,
1103 762 1173 790 pen.

853 793 947 824 εὐκτὸν
961 806 1021 829 τοις
1038 794 1134 829 ἄλλοις
1156 794 1222 825 ἔστι
1244 794 1333 834 μηδεν
1351 794 1565 836 ἐξαμαρτανειν.

897 840 993 874 1408,
1010 840 1040 867 2.
1062 835 1154 867 εὐκτόν
1174 837 1262 877 θνητῷ
1285 838 1367 877 φύντι
1391 838 1469 877 φιλον
1491 838 1564 878 γενέ·

897 879 972 910 σθαι
983 891 1024 910 τω
1039 881 1152 911 πάντων
1165 880 1255 920 κυξίῳ.
1268 884 1362 917 1410,
1373 884 1424 912 27.

854 914 1013 964 εὐλάβεια]
1021 923 1167 958 εὐλαβείας
1180 935 1278 954 ταυτα
1293 925 1321 954 οὐ
1340 935 1444 965 μικρας
1462 925 1564 955 δειται.

897 967 974 1003 425,
989 969 1019 997 5.
1035 967 1110 1003 517,
1129 969 1180 998 21.
1202 967 1241 1001 εἷς
1258 967 1342 1007 φόβον
1360 968 1408 997 καὶ
1428 976 1566 1006 συκοφαν-

897 1007 962 1043 τίας
995 1009 1151 1045 εὐλάβειαν,
1186 1011 1405 1049 suspicionem,
1439 1016 1566 1046 metum,

898 1050 1081 1082 καθιστανειν.
1105 1055 1179 1089 625,
1204 1056 1255 1083 13.
1279 1055 1360 1092 μετὰ.
1385 1065 1436 1087 της
1457 1052 1566 1093 &neccs-

898 1095 1012 1128 στάτης
1032 1095 1180 1130 εὐλαβείας
1194 1095 1241 1126 τὲν
1257 1095 1344 1126 ἄλλον
1357 1095 1447 1138 χρόνον
1467 1096 1567 1130 Βεβιω-

898 1137 983 1167 κόσιν.
999 1140 1138 1173 1403,1.

855 1179 1046 1213 εὐλαβεισθαι
1069 1193 1116 1211 τον
1138 1180 1246 1220 φθόνον.
1266 1182 1342 1218 327,
1358 1183 1410 1211 12.
1440 1179 1569 1210 εὐλαέεῖ-

897 1221 964 1252 σθαι
980 1234 1029 1252 και
1049 1222 1250 1262 φυλαττεσθαι
1265 1226 1307 1263 μὴ
1325 1223 1491 1263 πλησιάζειν
1509 1225 1569 1257 τοῖς

897 1264 1034 1299 τοιούτοις.
1052 1269 1147 1300 1258,
1162 1268 1212 1296 12.
1234 1266 1427 1301 εὐλαβεῖσθαι,
1442 1267 1504 1296 ἀντὶ
1519 1268 1569 1296 τοῦ

897 1307 1111 1345 φυλάττεσθαι.
1133 1309 1168 1343 ὣς
1190 1308 1375 1349 Δημοσθένης
1394 1308 1420 1339 ἓν
1441 1310 1501 1343 τοῖς
1524 1316 1570 1339 Φι-

897 1353 1054 1385 λιππικοῖς.
1070 1352 1201 1381 Thomas
1218 1354 1263 1381 M.
1278 1353 1307 1381 h.
1326 1363 1355 1383 v.
1366 1363 1397 1392 p.
1410 1354 1484 1383 388.

855 1392 990 1433 εὐλαβὴς]
1017 1394 1133 1432 μᾶλλον
1158 1393 1286 1428 εὐλαξεῖς
1314 1395 1395 1425 αὐτοὶ
1422 1394 1569 1434 γίγνονται.

899 1437 995 1471 1450,
1011 1439 1062 1467 18.

856 1477 981 1519 εὔλογος]
998 1478 1124 1516 εὐλόγους
1139 1479 1298 1519 «προφάσεις
1318 1479 1479 1520 εἰλήφεσαν.
1496 1482 1572 1516 277,

900 1531 969 1560 pen.
992 1522 1095 1559 εὔλογα
1111 1526 1141 1552 et
1155 1522 1252 1552 εἰκότα
1275 1527 1308 1551 ut
1332 1522 1455 1553 diversa
1478 1534 1573 1562 copu-

898 1564 1171 1601 lantur.1106,1.
1197 1566 1253 1594 τῶν
1273 1565 1478 1605 πεπραγμένων
1499 1566 1573 1596 οὐδὲν

899 1605 958 1637 οὐτ’
971 1607 1090 1645 εὔλογον,
1106 1605 1161 1637 οὔθ’
1174 1607 1365 1644 απλουν,οὐθ’
1379 1609 1572 1650 ὁμολογούμε-

897 1660 936 1679 νον
949 1649 1018 1679 αὐτὸ
1032 1649 1126 1689 ἑαυτῷ
1138 1649 1278 1690 φαίνεται.
1292 1653 1387 1687 1114,
1402 1653 1452 1683 15.

857 1691 998 1733 εὐμαθὴς]
1034 1692 1242 1734 εὐμαθέστεςοι
1271 1693 1418 1732 γενὴσεσθε
1442 1694 1509 1736 πςδς
1532 1706 1573 1724 τα

901 1736 999 1765 λοιπά.
1016 1738 1092 1771 705,
1105 1739 1157 1766 11.

858 1777 1018 1817 εὐμεγέθης
1031 1778 1185 1819 μαρτυρία.
1205 1780 1280 1814 625,
1292 1781 1345 1809 22.

859 1821 986 1861 εὐμενης]
1001 1821 1034 1850 τὸ
1050 1824 1105 1851 τῶν
1122 1821 1193 1852 θεῶν
1206 1821 1255 1851 καὶ
1275 1833 1326 1856 της
1348 1820 1442 1863 τύχης
1459 1821 1573 1863 εὐμενὲς

902 1862 1130 1903 συναγωνίζεται.
1145 1866 1198 1900 53,
1209 1866 1241 1894 6.

859 1906 978 1946 εὐμενῶς
1014 1906 1133 1948 ἐχόντων
1169 1907 1248 1947 ὑμῶν
1283 1908 1428 1948 ἀκξοατων
1461 1909 1578 1950 τυχεῖν.

905 1952 1045 1984 1101,7.
1066 1950 1186 1991 εὐμενῶς
1207 1949 1295 1990 φὲξειν
1308 1951 1372 1986 τοὺς
1386 1950 1477 1985 ὄντας.
1500 1961 1573 1990 qua-

902 1992 1072 2032 lescunque
1089 1997 1165 2023 sunt.
1184 1996 1280 2029 1486,
1293 1997 1323 2025 2.

861 2034 1088 2074 εὐμνημόνευτος.
1106 2038 1201 2071 1296,
1214 2039 1265 2067 10.

861 2078 1053 2119 Εὐμολπίδαι]
1086 2078 1257 2118 δικάζεσθαι
1287 2077 1354 2119 πρός
1382 2077 1574 2118 Εὐμολπίδας.

904 2123 979 2157 601,
995 2124 1047 2152 27.
1070 2132 1144 2160 ergo
1167 2121 1324 2161 proprium
1349 2121 1413 2150 illis
1437 2127 1502 2151 erat
1522 2122 1574 2151 tri-

904 2164 1007 2201 bunal,
1023 2163 1076 2194 ubi
1092 2165 1131 2194 de
1151 2164 1354 2204 religionibus
1370 2166 1576 2204 cognosceba-

904 2210 966 2236 tur.

862 2248 960 2289 εὔνοια]
987 2250 1038 2283 τῆς
1061 2248 1128 2290 παρ’
1146 2247 1248 2279 ἐκείνων
1266 2247 1365 2283 εὐνοίας
1386 2248 1576 2290 εὐεςγέτημα.

907 2295 959 2327 12,
975 2295 1006 2323 8.
1031 2291 1097 2322 οταν
1111 2291 1161 2323 ὐπ’
1175 2290 1273 2326 εὐνοίας
1287 2294 1326 2322 τὰ
1341 2292 1506 2331 πράγματα
1526 2304 1576 2322 συ-

905 2335 974 2375 στῇ.
992 2338 1045 2370 20,
1061 2338 1113 2366 22.
1137 2336 1220 2365 1ιπολυ
1240 2337 1293 2374 γὰρ
1318 2333 1429 2368 πλείους
1443 2336 1578 2374 ἀφορμας

906 2378 945 2410 εἷς
959 2376 992 2406 τὸ
1006 2379 1054 2408 τὴν
1069 2379 1147 2418 παςῖι
1167 2380 1223 2407 τῶν
1244 2376 1309 2407 θεῶν
1323 2377 1420 2407 εὔνοιαν
1441 2376 1514 2418 ἔχειν
1530 2377 1578 2416 ὁρῶ

907 2420 973 2458 ὗμιν
995 2419 1115 2454 ἐνούσας.
1138 2422 1191 2456 24,
1214 2423 1264 2451 19.
1285 2421 1360 2454 156,
1380 2421 1433 2449 20.
1456 2419 1530 2471 φασὶ
1555 2418 1579 2448 δ’

907 2462 992 2502 εὐνοία
1006 2462 1115 2499 διδόναι,
1137 2463 1187 2492 καὶ
1207 2464 1292 2493 τοῦτο
1315 2462 1439 2501 τοῦνομα
1463 2462 1522 2504 ἔχει
1537 2474 1578 2492 τα

907 2505 1060 2544 λήμματα
1080 2506 1187 2535 ταῦτα.
1214 2507 1267 2541 96,
1289 2508 1339 2535 10.
1363 2504 1429 2534 ὅταν
1451 2505 1506 2545 μὲν
1530 2504 1579 2534 ὐπ’

908 2547 1007 2584 εὐνοίας
1021 2550 1061 2579 τιὶ
1082 2549 1250 2588 πράγματα
1273 2547 1441 2588 συνέχηται.
1459 2550 1531 2582 154,
1547 2550 1579 2577 7.

909 2591 1006 2632 μειζον
1023 2591 1126 2621 οὐδεν
1114 2603 1147 2621 αν
1171 2591 1238 2630 ὐμιν
1251 2589 1352 2629 γένοιτο
1365 2588 1495 2628 ἀγαθὸν
1484 2602 1498 2620 η
1514 2589 1582 2630 παρ’

909 2635 1043 2664 ἁπάντων
1057 2634 1170 2664 ἑκόντων
1179 2633 1348 2663 ἀνυπόπτου
1360 2642 1459 2686 τυχειν
1472 2632 1579 2666 εὐνοίας.

912 2679 986 2713 191,
1001 2680 1052 2708 25.
1079 2687 1142 2707 οσην
1166 2676 1264 2706 εύνοιαν
1286 2675 1360 2717 ’έχων
1381 2674 1435 2714 ἐγὼ
1460 2674 1580 2705 διατελῶ

911 2719 949 2760 τῇ
963 2719 1043 2750 πόλει
1058 2719 1106 2748 καὶ
1121 2730 1206 2749 πασιν
1219 2719 1285 2757 ὑμῖν
1300 2717 1444 2749 τοσαύτην
1459 2717 1582 2759 ὐπαξξαι

911 2773 961 2801 μοι
982 2763 1021 2796 εἰς
1039 2763 1136 2792 τοῦτον
1154 2773 1201 2790 τον
1213 2761 1316 2798 ἀγῶνα.
1329 2762 1404 2797 225,
1420 2771 1489 2800 pen.
1506 2764 1582 2797 227,

913 2805 969 2834 ult.
1005 2805 1100 2835 εὔνοιαν
1129 2804 1188 2834 ἴσην
1216 2802 1386 2843 ἀμφοτέροις
1419 2804 1584 2835 ἀποδιδόναι.

914 2849 1061 2883 226,10.
1083 2846 1195 2876 πάντων
1215 2844 1433 2886 ἀποστερεῖσθαι
1458 2846 1585 2888 λυπηρὸν,

914 2891 1055 2929 μάλιστα
1069 2889 1098 2919 δὲ
1113 2900 1165 2923 της
1177 2888 1244 2930 παρ’
1258 2890 1347 2942 ὑμῶν’,
1348 2888 1455 2923 εὐνοίας.
1467 2892 1484 2920 2
1489 2892 1541 2926 27,
1553 2893 1583 2920 9.

917 2943 945 2963 ην
960 2943 1038 2972 παρα
1053 2943 1149 2963 παντα
1159 2931 1206 2961 τὸν
1215 2931 1308 2974 χξόνον
1319 2932 1415 2962 εὔνοιαν
1425 2931 1587 2973 ἐνδέδειχθε.

919 2977 994 3013 228,
1008 2977 1062 3007 24.
1085 2974 1159 3010 ὅπως
1179 2987 1212 3007 αν
1228 2977 1305 3016 ὐμας
1325 2973 1457 3006 δύνασθαι
1477 2975 1588 3017 νομίση,
