1822 3187
187 137 270 178 322

233 241 335 273 studio
351 242 462 272 clarus.
476 241 551 277 269,
568 244 619 272 18.
635 244 729 276 1410,
749 244 800 271 18.

189 285 321 316 Rhodiis
338 295 517 315 concessum
536 286 588 324 jus
605 284 768 324 vectigalia
788 287 871 313 certa
887 293 904 312 a

232 329 362 358 navibus
379 327 526 368 exigendi
549 327 579 357 in
606 337 682 366 pace
702 328 812 357 Athen.
835 336 904 356 cum

232 371 379 412 Philippo
395 371 484 401 facta.
498 371 551 407 63,
565 374 616 401 18.
640 370 833 399 Rhodiorum
851 379 905 408 gu-

233 415 374 444 bernatio
390 424 407 444 a
423 414 515 453 plebe
531 414 568 443 ad
584 413 749 451 optimates
771 412 903 442 transiit.

235 460 310 493 168,
340 460 390 487 18.
416 457 529 486 bellum
555 456 669 485 sociale
696 456 811 486 dictum
836 465 906 485 cum

234 500 344 531 Athen.
360 502 516 541 gerebant.
534 502 607 535 191,
625 501 676 529 12.

536 645 569 674 S.

192 755 315 792 Sannio,
331 755 478 795 magister
494 754 597 785 choris
612 753 749 793 tragicis.
766 755 843 790 5:33,
855 755 885 784 9.

193 801 334 840 Satyrus,
350 799 501 829 navalium
520 799 692 838 praefectus.
710 799 786 833 612,
804 801 855 828 21.

193 844 333 882 Satyrus,
354 841 572 882 Alopekensis,
595 840 826 871 Lakedaemonii
850 841 908 869 fra-

236 890 294 916 ter.
312 887 408 922 1360,
426 888 456 915 8.

195 929 337 968 Satyrus,
354 926 540 958 Melitensis.
558 927 738 965 1364,pen.

194 971 334 1010 Satyrus,
349 971 511 1009 trapezita.
527 971 603 1004 953,
619 972 670 1000 14.

194 1015 337 1053 Satyrus,
364 1014 472 1043 histrio
496 1013 645 1047 comicus,
669 1013 757 1050 cujus
782 1010 910 1050 praecla-

237 1067 304 1086 rum
320 1057 437 1086 facinus
454 1056 597 1086 laudatur
612 1066 644 1094 p.
661 1058 738 1089 401,
756 1056 808 1084 16.
823 1053 910 1084 fami-

236 1100 345 1130 liarem
362 1100 562 1130 Demostheni
579 1099 687 1134 fuisse,
710 1108 839 1136 eumque
859 1108 911 1136 ge-

238 1144 463 1173 sticulationem
476 1142 636 1172 oratoriam
650 1142 792 1171 docuisse
806 1145 911 1170 auctor

239 1191 288 1215 est
302 1187 484 1216 Plutarchus
497 1185 523 1224 ᾗ.
538 1184 571 1226 ζ’.
589 1196 620 1215 v.
637 1187 764 1215 Barton.

197 1230 339 1268 Satyrus,
355 1240 444 1268 quem
470 1229 625 1267 Harpocr.
650 1239 679 1258 v.
707 1226 851 1255 Θευδασία
874 1236 913 1253 ex

241 1276 318 1302 orat.
341 1272 371 1301 in
395 1270 518 1309 Leptin.
540 1271 584 1298 ait
605 1270 687 1308 apud
710 1267 914 1298 Theudasiam

241 1315 406 1344 cecidisse.

196 1358 333 1392 Saurias,
352 1355 557 1396 Lamprensis.
573 1356 670 1389 1360,
687 1356 738 1383 10.
756 1358 786 1383 et
802 1364 872 1393 pen.

198 1401 308 1431 Skiton
331 1400 407 1441 (nisi
430 1399 533 1438 potius
556 1399 582 1427 is
607 1397 732 1426 Skirton
757 1397 820 1436 est)
834 1396 915 1436 quod

243 1444 396 1483 παράνομα
422 1442 581 1477 suasisset,
599 1441 706 1470 decem
724 1440 848 1470 talentis
869 1444 917 1470 est

242 1487 419 1516 mulctatus.
434 1487 510 1521 573,
526 1487 579 1514 18.

199 1530 346 1569 Skythes,
396 1527 569 1563 Hannatei,

245 1576 342 1609 1104,
359 1575 390 1602 2.

198 1616 315 1652 Simon,
347 1616 463 1649 Thrax,
493 1615 588 1644 frater
618 1613 724 1643 uxoris
754 1611 918 1642 Amadoki.

244 1661 320 1695 624,
342 1661 372 1690 6.
396 1658 523 1688 civitate
548 1656 655 1687 Attica
677 1655 916 1686 donatus..ibid.

201 1746 305 1776 Simus
320 1744 530 1784 Anagyrasius
545 1743 602 1774 t'uit
618 1743 646 1773 in
663 1742 774 1782 legatis
790 1742 828 1772 ad
847 1742 918 1771 Phi-

244 1790 362 1828 lippum
386 1788 491 1818 missis
510 1787 591 1827 apud
612 1787 749 1816 Elateam
767 1790 920 1824 agentem,

245 1833 283 1862 ad
300 1831 523 1871 impetrandum
538 1830 688 1860 inducias.
705 1832 779 1864 28⁰2,
796 1831 848 1858 252.

202 1875 305 1906 Simus
330 1879 361 1904 et
390 1874 521 1910 Eudius,
550 1872 704 1906 Larissaei,
727 1872 917 1901 Thessaliam

246 1917 375 1958 patriam
388 1917 536 1956 Philippo
550 1915 762 1955 prodiderunt.
778 1917 853 1950 5241,
867 1916 918 1944 ⁶27.

246 1960 387 1991 ductavit
415 1971 521 1990 secum
553 1961 695 1989 Neaeram
726 1968 783 1997 pro
810 1957 917 1987 amica.

248 2007 346 2039 1352,
372 2005 423 2034 23.
441 2006 535 2038 1382,
552 2005 582 2033 6.
607 2003 761 2040 Harpocr.
787 2011 856 2030 eum
879 2001 919 2030 de

248 2053 338 2087 gente
356 2047 560 2077 Aleuadarum
577 2045 672 2074 fuisse
688 2044 792 2074 tradit.

206 2090 355 2130 Simylus,
372 2089 491 2119 histrio.
505 2091 579 2122 314,
596 2090 646 2117 11.

205 2135 336 2172 Sinope,
352 2132 509 2162 meretrix.
522 2134 596 2166 610,
614 2132 665 2160 17.
683 2132 779 2164 1385,
795 2134 823 2159 1.

207 2177 354 2210 Sitalkes,
368 2185 424 2205 rex
441 2175 578 2203 Thraciae
595 2178 750 2212 peremtus
767 2183 825 2203 non
840 2172 921 2202 invi-

251 2220 291 2249 tis
307 2218 560 2249 Atheniensibus.
579 2219 652 2253 161,
671 2219 700 2247 3.

208 2263 357 2296 Smicron,
374 2263 412 2291 ob
428 2261 617 2299 rogationem
641 2260 800 2299 παξάνομον
815 2258 922 2288 decem

250 2304 374 2336 talentis
389 2305 564 2334 mulctatus.
583 2304 658 2338 573,
675 2305 726 2332 17.

208 2348 417 2387 Smikyffiiou,
434 2348 512 2376 forte
527 2347 643 2381 Thrax,
657 2346 708 2384 qui
729 2343 923 2383 Miltokyden

252 2391 435 2421 Charidemo
454 2389 600 2428 prodidit.
619 2391 692 2425 676,
709 2399 779 2428 pen.

209 2435 388 2473 Srnikythus·
404 2435 440 2462 ab
457 2433 575 2462 Eubulo
592 2437 764 2461 accusatus.
777 2433 854 2466 401,
873 2435 900 2460 1.

207 2478 364 2512 Socrates,
380 2476 478 2510 Orita,
495 2476 641 2513 Philippo
655 2475 791 2504 deditus.
810 2475 882 2509 126,
892 2476 922 2504 4.

209 2522 365 2555 Socrates,
382 2518 502 2548 histrio.
518 2520 597 2552 314,
613 2519 665 2548 1⁰2.

624 1525 917 1565 Kydathenaeensis.

209 2565 364 2597 Socrates,
380 2562 539 2600 trapezita.
559 2562 633 2595 953,
649 2563 700 2590 12.

208 2608 366 2640 Socrates,
388 2603 610 2644 Philosophus,
627 2602 802 2633 Alkibiadis
828 2600 922 2640 magi-

252 2654 323 2678 ster.
341 2648 436 2683 1415,
457 2652 484 2677 1.

210 2692 387 2722 Socratides
404 2691 526 2720 Archon
543 2700 579 2719 eo
596 2699 686 2723 anno,
700 2698 760 2727 qno
775 2687 923 2717 Chabrias

254 2735 366 2773 Pythia
379 2732 456 2763 vicit
470 2732 637 2772 quadrigis.
656 2733 752 2766 1356,
765 2733 794 2761 5.
811 2739 922 2759 memo·

252 2784 337 2807 ratur
356 2778 423 2815 ejus
443 2776 651 2815 magistratus.
673 2775 766 2809 1186,
781 2776 830 2804 10.
847 2772 923 2802 inci-

252 2821 300 2849 dit
315 2820 345 2848 in
361 2820 445 2849 illum
456 2829 577 2854 annum,
594 2829 654 2858 quo
670 2818 848 2847 Timotheus
858 2825 925 2846 rem

253 2862 378 2893 sinistre
398 2863 547 2892 adversus
569 2861 810 2901 Peleponnesios
833 2869 922 2899 gere-

253 2910 311 2936 ret.
326 2907 418 2939 1197,
430 2907 480 2935 17.

211 2950 317 2985 Solon,
334 2947 492 2987 legislator
507 2947 705 2979 clarissimus.
722 2947 922 2986 fragmentum

623 133 816 176 INDEX
851 132 1218 177 HISTORICUS

983 250 1022 270 ex
1039 241 1106 278 ejus
1124 238 1230 278 Elegis
1241 249 1258 268 a
1273 247 1305 277 p.
1323 241 1397 275 421,
1411 240 1463 270 25.
1479 239 1518 269 ad
1529 241 1604 274 423.
1617 241 1649 270 6.

981 283 1065 322 leges
1077 282 1178 311 aiebat
1188 291 1256 312 esse
1266 281 1423 312 civitatum
1433 282 1651 322 νόμισμα,εὶνε

982 326 1026 361 id,
1043 335 1103 364 quo
1120 324 1275 364 publicum
1290 324 1320 354 in
1336 335 1423 355 usum
1436 324 1572 355 immisso
1584 330 1651 355 ute·

983 374 1088 399 rentur
1099 378 1205 398 omnes
1217 368 1314 397 veluti
1330 368 1432 403 modo,
1441 379 1479 398 ex
1491 377 1551 406 quo
1561 377 1652 407 agan-

984 416 1034 441 tur
1057 416 1148 450 atqne
1166 411 1355 440 aestimentur
1371 410 1482 441 omnia.
1506 411 1583 446 765,
1599 412 1652 440 24.

983 454 1069 484 cives
1085 454 1132 483 sui
1148 465 1216 484 eum
1239 455 1278 483 ob
1294 454 1378 492 leges
1400 454 1477 483 latas
1493 462 1577 483 aenea
1592 457 1653 482 sta-

984 502 1037 526 tua
1050 497 1285 527 cohonestarunt
1295 498 1324 526 in
1335 497 1400 527 foro
1414 497 1522 536 posita.
1535 498 1610 531 4⁶20,
1621 497 1653 525 7.

985 542 1062 576 807,
1077 541 1127 570 17.
1154 544 1261 570 auctor
1283 540 1352 575 fuit,
1372 539 1402 569 in
1426 539 1495 579 lege
1511 539 1653 577 quadam,

986 583 1038 622 qui
1066 583 1095 612 in
1117 587 1270 622 potestate
1293 582 1464 612 meretricis
1487 592 1568 616 esse,
1585 591 1653 611 eum

985 626 1027 656 ita
1044 626 1144 656 furere
1160 625 1342 662 immaniter,
1354 630 1386 654 ut
1401 625 1492 655 alium
1505 625 1655 654 neminem

985 669 1157 698 mortalium
1187 669 1317 699 omnium
1345 668 1455 707 magis.
1479 668 1575 702 1183,
1605 669 1657 697 10.

986 712 1194 742 innumeratur
1206 711 1372 750 Sophistis,
1389 712 1447 740 hcc
1459 715 1518 746 est,
1534 709 1655 749 sapien-

985 755 1036 784 tiae
1053 760 1083 784 et
1100 754 1294 794 elegantioris
1311 755 1477 784 literatnrae
1501 753 1656 793 professo-

985 799 1070 828 ribus
1094 804 1184 837 atque
1204 798 1370 837 magistris,
1386 807 1514 836 eamque
1534 797 1657 826 laudem

986 841 1114 880 reliquis
1140 841 1203 870 suis
1218 841 1359 870 laudibus
1375 841 1515 870 omnibus
1538 845 1657 869 antetu-

986 883 1062 913 lisse
1078 883 1204 913 dicitur.
1216 885 1312 918 1416,
1329 886 1360 914 3.
1383 884 1435 912 ubi
1452 893 1575 913 suminae
1591 882 1658 912 lau-

988 926 1043 956 des
1069 928 1135 965 ejus
1162 931 1362 962 enarrantur3
1393 936 1461 964 quae
1493 930 1564 955 sunt
1590 925 1656 954 hae:

989 970 1188 1007 Megarenses
1218 969 1306 1005 vicit,
1340 969 1491 1007 hujusque
1519 968 1658 997 victoriae

987 1016 1215 1042 monumentum
1233 1013 1300 1042 fixit
1314 1017 1473 1051 tropaeum,
1496 1010 1661 1046 Salamina,

988 1055 1129 1091 insulam,
1140 1055 1347 1096 recuperavit,
1362 1055 1446 1094 leges
1455 1054 1605 1090 condidit;
1619 1057 1660 1089 et,

989 1099 1071 1138 quod
1098 1099 1165 1137 ipse
1188 1099 1296 1128 summi
1314 1098 1397 1133 fecit,
1421 1096 1661 1127 studiosissime-

990 1152 1049 1180 que
1073 1142 1239 1176 affectavit,
1260 1142 1290 1170 in
1315 1145 1431 1180 septem
1460 1139 1588 1170 Graeciae
1612 1149 1659 1170 sa-

990 1184 1146 1223 pientibus
1161 1184 1218 1213 fuit
1232 1185 1364 1213 habitus.

947 1227 1052 1262 Solon,
1069 1228 1159 1257 homo
1176 1228 1336 1256 obscurus.
1355 1229 1451 1261 1120,
1466 1228 1519 1257 27.

948 1269 1051 1304 Solon,
1069 1269 1259 1304 Erchiensis,
1271 1269 1386 1299 arbiter
1397 1269 1534 1299 delectus
1548 1269 1578 1299 in
1593 1280 1664 1300 cau-

992 1323 1025 1342 sa
1040 1313 1204 1342 Mantithei
1219 1323 1287 1342 cum
1306 1314 1426 1342 Boeoto.
1440 1314 1535 1347 1013,
1552 1315 1583 1343 4.

949 1355 1106 1394 Sophilns,
1116 1357 1322 1395 pancratiasta
1333 1355 1428 1391 Sami,
1438 1355 1662 1391 adversarium,

992 1409 1009 1428 a
1021 1409 1081 1438 quo
1094 1410 1149 1438 per
1161 1398 1374 1428 contumeliam
1388 1398 1597 1437 vapulaverat,
1608 1400 1662 1429 irae

993 1442 1173 1481 impotentia
1190 1442 1301 1476 victus,
1318 1441 1444 1471 occidit.
1460 1443 1535 1477 537,
1551 1444 1603 1471 15.

950 1485 1105 1524 Sophistae
1122 1489 1240 1523 septem
1258 1490 1329 1514 sunt
1350 1484 1442 1514 iidem
1462 1489 1552 1523 atque
1569 1485 1663 1523 vulgo

994 1528 1040 1557 sic
1063 1528 1137 1557 dicti
1156 1527 1286 1558 Graeciae
1303 1527 1361 1558 viri
1384 1527 1551 1567 sapientes.
1567 1529 1663 1563 1416,

996 1574 1047 1601 11.

952 1614 1126 1654 Sophoclis,
1143 1618 1244 1654 poetae
1266 1613 1386 1654 tragici,
1410 1613 1560 1653 Antigona
1583 1624 1665 1644 com-

995 1663 1190 1688 memoratur.
1202 1661 1277 1694 418,
1290 1660 1321 1687 7.
1337 1663 1368 1687 et
1384 1660 1435 1687 20.
1452 1657 1505 1688 ubi
1522 1657 1608 1687 locus
1623 1667 1664 1687 ex

995 1711 1031 1730 ea
1044 1701 1200 1731 recitatur.

953 1744 1089 1776 Sosicles
1106 1745 1161 1774 suit
1176 1745 1205 1774 in
1217 1743 1402 1774 adversariis
1418 1748 1449 1773 et
1464 1743 1665 1774 criminatori-

999 1788 1056 1818 bus
1075 1787 1301 1817 Demosthenis.
1319 1789 1395 1822 310,
1411 1789 1440 1818 9.

953 1830 1100 1867 Sosicles,
1115 1830 1271 1871 trapezita.
1290 1831 1364 1865 953,
1379 1831 1430 1860 15.

953 1874 1144 1910 Sosinomus,
1159 1874 1309 1913 trapezita
1325 1874 1409 1902 item.
1425 1873 1497 1907 959,
1515 1874 1568 1903 26.

952 1917 1146 1952 Sosistratus,
1162 1917 1192 1946 in
1209 1918 1327 1947 Euboea
1341 1915 1481 1955 Philippi
1497 1914 1666 1946 studiosus.

997 1961 1073 1994 3⁴24,
1092 1961 1142 1989 17.

953 2003 1127 2038 Sositheus,
1151 2007 1237 2042 pater
1264 2002 1442 2037 Eubulidis,
1467 2001 1520 2041 qui
1545 2001 1667 2031 nomine

997 2046 1050 2075 filii
1067 2046 1202 2080 infantis,
1218 2046 1247 2075 in
1261 2046 1464 2075 Macartatum
1481 2044 1554 2082 egit.
1572 2047 1667 2078 1061,

1000 2092 1030 2120 9.
1055 2093 1119 2119 tota
1134 2089 1188 2118 illa
1212 2088 1351 2118 oratione
1370 2099 1388 2118 a
1410 2099 1442 2128 p.
1458 2090 1554 2118 1050.
1576 2087 1614 2116 ad
1637 2097 1667 2126 p.

955 2175 1122 2210 Sostratus,
1139 2175 1249 2213 pirata,
1266 2185 1353 2213 quem
1368 2173 1532 2212 Phiiippus
1549 2172 1668 2203 Halon-

1000 2228 1072 2247 neso
1090 2218 1221 2256 expulit.
1239 2220 1311 2252 162,
1330 2219 1380 2246 10.

956 2261 1111 2290 Sostratus
1125 2261 1275 2300 Philippi,
1291 2259 1502 2290 Histiaeensis.
1516 2260 1590 2294 929,
1603 2258 1655 2288 25.

957 2304 1098 2339 Sotades,
1123 2304 1291 2338 Cretensis,
1316 2305 1457 2333 Neaeram
1481 2312 1536 2341 per
1555 2302 1670 2331 Ioniam

1000 2352 1031 2376 et
1058 2347 1167 2376 Chium
1191 2357 1247 2386 pro
1271 2347 1368 2376 amica
1391 2356 1495 2375 secum
1519 2344 1670 2374 ductavit.

1001 2392 1096 2425 1382,
1113 2392 1141 2419 8.

958 2433 1150 2471 Spintharus,
1169 2433 1282 2462 Eubuli
1301 2432 1391 2461 filius.
1410 2430 1504 2464 1959,
1519 2432 1550 2460 2.

958 2476 1150 2516 Spintharus,
1165 2475 1217 2514 qui
1240 2473 1426 2504 Clinomachi
1448 2473 1531 2502 aedes
1551 2477 1669 2512 septem

999 2519 1091 2548 minis
1119 2518 1203 2547 emit.
1220 2519 1316 2552 1558,
1335 2519 1365 2546 8.
1399 2515 1468 2545 sort.
1494 2515 1578 2545 idem
1601 2525 1671 2545 cum

1001 2561 1165 2599 superiori.

957 2605 1103 2643 Spudias,
1114 2603 1144 2632 in
1160 2612 1250 2642 quem
1263 2603 1428 2632 Leocrates
1440 2601 1505 2640 egit
1520 2606 1597 2631 orat.
1609 2611 1626 2631 a
1637 2611 1669 2640 p.

1003 2649 1095 2676 1028.
1111 2647 1147 2675 ad
1166 2657 1198 2684 p.
1216 2647 1310 2676 1037.
1326 2655 1420 2683 penes
1432 2645 1536 2674 ambos
1551 2653 1670 2674 sorores

1000 2690 1071 2719 duae
1086 2689 1113 2718 in
1133 2688 1324 2719 matrimonio
1340 2692 1434 2718 erant.

957 2732 1142 2771 Stephanus,
1167 2731 1316 2761 Meneclis
1341 2730 1433 2767 filius,
1455 2729 1672 2760 Achamensis.

1003 2778 1098 2811 1104,
1129 2779 1155 2805 1.
1187 2775 1217 2804 in
1247 2784 1338 2814 quem
1364 2773 1437 2803 totis
1464 2773 1526 2803 illis
1554 2773 1672 2803 duabus

1001 2819 1191 2849 orationibus
1202 2829 1219 2847 a
1229 2828 1258 2856 p.
1274 2821 1288 2847 1
1298 2819 1369 2848 101.
1378 2817 1415 2846 ad
1426 2827 1456 2857 p.
1473 2817 1564 2846 1137.
1577 2814 1672 2855 Apol·

999 2861 1125 2891 lodorus
1144 2861 1285 2891 Pasionis
1298 2860 1370 2899 agit.

954 2905 1136 2944 Stephanus
1146 2903 1354 2935 Eroeadensis.
1373 2904 1466 2938 1358,
1479 2903 1531 2932 26.
1547 2899 1674 2930 maritus

1000 2949 1131 2982 Neaerae,
1149 2947 1178 2977 in
1200 2957 1277 2986 quos
1302 2946 1409 2976 ambos
1433 2943 1588 2975 invehitur
1609 2947 1672 2973 tota
