1822 3187
523 325 790 381 INDEX
835 324 1311 380 HISTORICUS

588 468 659 517 IN
703 467 1246 517 DEMOSTHENEM.

188 692 444 740 ABDERt'rAE
460 709 649 748 proverbiali
665 709 789 739 dicendi
812 711 901 740 inodo

234 758 422 791 usurpantur
439 763 492 792 pro
509 753 616 782 incolis
640 754 784 792 ignobilis
801 755 903 792 cujus-

232 806 292 834 que
306 802 336 826 et
352 796 499 825 contemti
516 797 633 836 oppidi.
650 799 724 832 218,
744 800 793 827 10.

189 839 331 878 Abydeni
348 844 498 878 nunqnam
516 850 574 868 nou
593 839 716 869 fuerunt
733 839 901 869 Athenien·

233 882 319 912 sibus
335 882 456 912 infensi.
474 884 550 917 672,
568 885 620 912 25.
638 885 713 918 687,
728 883 784 911 ult.

191 925 332 961 Acamas,
357 925 459 960 heros,
483 925 563 954 unde
586 925 663 954 dicti
681 925 903 959 Acamantidae,

233 968 330 998 tribus
346 968 482 1001 Athenis,
495 967 633 1008 Trojanae
651 968 841 1008 expeditioni
856 968 900 997 in-

232 1011 348 1041 terfuit.
368 1013 464 1045 1:398,
478 1014 530 1041 11.

190 1054 384 1090 Adimantus,
400 1055 579 1093 imperator,
591 1064 608 1083 a
624 1053 754 1094 collega,
765 1055 902 1089 Conone,

230 1098 284 1127 illo
303 1103 436 1131 vetusto,
450 1097 508 1126 fnit
523 1102 697 1128 accusatus.
714 1100 791 1133 401,
811 1100 840 1127 Q.

188 1141 308 1171 Adonis
323 1142 426 1170 surmae
443 1141 629 1170 excellentia
641 1141 794 1171 inclaruit.
807 1142 902 1176 1410,

234 1186 286 1214 521.

189 1228 306 1258 AEacns
331 1227 461 1266 justitiae
492 1228 595 1257 studio
626 1226 781 1263 inclaruit,
811 1232 901 1267 atque

233 1270 439 1300 coutinentiae.
456 1272 531 1306 269,
548 1273 597 1300 17.
617 1273 711 1305 1410,
728 1273 778 1300 18.

189 1314 352 1344 AEautides
371 1314 542 1354 Phlyensis,
560 1316 656 1349 1047,
669 1316 720 1345 19.
740 1316 836 1349 1048,
849 1317 879 1344 4.

189 1357 320 1396 AEgeus,
336 1357 438 1392 heros,
454 1358 542 1396 cujus
558 1368 574 1387 e
591 1357 714 1386 nomine
730 1357 829 1386 tribus
845 1356 901 1386 ΛΕ-
920 1372 923 1375 ·

233 1401 391 1440 geidarnni
423 1400 551 1430 Athenis
577 1401 659 1429 dicta
687 1400 756 1435 fuit,
787 1400 900 1429 Thesei

231 1449 330 1483 pater,
348 1444 482 1473 institnit
508 1445 556 1474 τὴν
570 1442 720 1483 ἰσηγορίαν,
742 1443 899 1482 aequal-ita-

232 1492 292 1517 tem
320 1487 433 1525 jurium
462 1487 582 1516 civibus
607 1487 823 1522 communium,
847 1497 899 1516 seu

233 1530 426 1560 civilitatem.
440 1532 536 1565 1397,
553 1532 604 1561 24.

189 1574 340 1613 AEginetae
373 1575 410 1602 ab
443 1574 554 1603 Athen.
588 1572 745 1609 contemti,
779 1577 810 1602 et
841 1582 900 1611 pro

231 1617 375 1656 exemplo
386 1617 494 1656 populi
506 1617 653 1656 ignobilis
664 1616 813 1656 usurpati.
824 1618 899 1652 690,

189 1703 355 1734 AEschines
374 1703 525 1733 Atrometi
548 1703 757 1741 Cothocydes,
780 1701 901 1740 legatus

231 1747 269 1776 ad
289 1746 466 1786 Philippum
485 1747 618 1776 mittitur
633 1756 700 1776 cum
727 1745 794 1774 aliis
812 1746 899 1783 quin-

231 1800 303 1829 que,
322 1795 354 1819 ut
370 1791 455 1828 pacis
479 1794 700 1819 sacramentum
718 1791 755 1818 ab
772 1799 808 1817 eo
831 1789 899 1818 exi-

233 1838 331 1872 geret.
355 1834 429 1866 ι235,
456 1835 505 1862 17.
536 1835 602 1872 ejus
627 1834 766 1866 fortunar»,
789 1842 900 1867 mores,

232 1876 305 1905 vitae
331 1886 453 1905 cursuS.
480 1878 555 1911 ⁶270,
577 1878 606 1905 5.
632 1886 698 1914 sqq.
730 1876 899 1904 advocatus

231 1919 338 1958 templi
365 1919 484 1948 Deliaci
500 1930 516 1948 a
532 1918 646 1957 populo
664 1919 734 1948 Atta.
753 1918 866 1952 dictus,
883 1929 900 1947 a

234 1967 341 1992 senatu
371 1962 589 2001 Areopagitico
619 1961 676 1991 fnit
706 1962 898 2000 reprobatus.

234 2008 309 2040 271,
328 2007 378 2035 523.
404 2005 435 2034 id
452 2005 532 2045 quod
549 2005 576 2035 ei
593 2005 690 2034 adhuc
702 2005 809 2042 juveni
828 2015 900 2033 con-

231 2049 311 2088 tigit.
332 2051 406 2084 2272,
425 2052 475 2079 14.
498 2059 564 2077 cum
583 2048 737 2082 Anaxino,
762 2047 898 2086 Philippi

233 2092 440 2131 speculatore,
453 2093 528 2121 olam
544 2091 674 2121 Athenis.
690 2096 779 2120 noctu
803 2091 898 2119 collo-

232 2136 346 2174 quitur.
373 2138 446 2171 2722,
462 2146 532 2173 pen.
553 2137 627 2168 ⁴273,
650 2138 701 2164 10.
724 2135 843 2173 quando
868 2135 898 2163 id

231 2179 343 2208 factum
371 2179 422 2213 sit,
440 2189 469 2207 v.
487 2177 608 2208 Corsini
626 2178 662 2207 F.
677 2179 713 2207 A.
734 2178 758 2206 l.
775 2187 805 2215 p.
822 2179 896 2207 333.

232 2222 353 2251 duobus
377 2221 500 2250 talentis
516 2222 646 2250 donatus
666 2221 723 2250 fuit
739 2232 754 2250 a
771 2221 898 2250 ducibus

232 2265 377 2294 classium
397 2265 534 2305 [ἡγεμόσι
550 2267 606 2293 τῶν
621 2264 800 2304 συμμοριῶν]
816 2264 897 2302 quod

232 2308 332 2346 legem
346 2308 574 2337 trierarchalem
589 2307 812 2336 labefactasset.
823 2310 898 2341 329,

234 2354 286 2381 17.
323 2351 412 2380 initio
441 2351 622 2380 adversatus
652 2350 709 2379 suit
741 2351 898 2389 Philippo.

234 2395 309 2429 343,
323 2394 380 2423 ult.
399 2394 586 2433 legationem
605 2394 641 2422 ad
661 2394 794 2422 Arcadas
811 2394 898 2427 obiit,

233 2448 293 2476 qua
321 2437 599 2476 Megalopolitanos
622 2447 639 2466 a
656 2436 805 2475 Philippo
832 2438 900 2465 abs-

233 2481 341 2510 traxit.
369 2482 446 2514 344,
478 2483 526 2510 12.
561 2481 628 2518 ejus
658 2480 765 2508 concio
795 2485 901 2508 (eontra

236 2524 443 2553 Philocratem
458 2522 598 2557 Athenis,
609 2533 676 2551 cum
690 2522 728 2550 de
745 2532 820 2560 pace
837 2524 898 2558 agi-

235 2571 351 2596 taretur
367 2577 433 2595 cum
449 2566 594 2605 Philippo
608 2565 750 2594 ineunda.
761 2567 834 2599 345,
854 2568 900 2594 10.

236 2610 374 2648 ejusdem
396 2609 502 2639 concio
527 2609 622 2638 altera
647 2609 696 2636 die
721 2614 789 2646 post
808 2608 902 2643 dicta,

234 2663 326 2691 quum
350 2663 411 2692 pax
429 2653 495 2692 ipsa
510 2652 675 2682 sancienda
691 2657 786 2685 esset,
804 2651 897 2689 priori

235 2696 375 2725 concioni
406 2706 531 2735 prorsus
562 2695 722 2724 contraria.
748 2695 821 2729 345,
847 2696 896 2723 18.

234 2744 393 2777 antequam
419 2749 436 2768 a
461 2739 609 2777 Philippo
638 2743 897 2776 corrumperetur,

233 2781 433 2811 vehementur
458 2781 519 2820 ipsi
542 2781 775 2815 adversabatur,
800 2791 898 2819 popu-

232 2824 357 2862 lumque
381 2825 529 2854 adversus
545 2834 612 2854 eum
639 2823 827 2853 orationibus
849 2834 899 2853 ac-

233 2867 394 2901 cendebat,
411 2873 442 2896 et
458 2867 572 2897 Eubuli
587 2867 774 2905 rogationem
791 2877 899 2896 secun-

232 2910 335 2945 dabat,
352 2910 519 2945 suadentis,
536 2916 569 2940 ut
582 2910 675 2949 legati
699 2910 737 2939 ad
757 2910 900 2939 civitates

232 2952 514 2992 Peloponnesiacas
524 2954 728 2989 mitterentur,
739 2952 791 2992 qui
804 2963 856 2983 eas
868 2952 898 2982 iu

980 710 1157 739 societatem
1189 711 1259 740 belli
1292 710 1441 740 adversus
1470 709 1646 750 Philippum

981 753 1202 790 pertraherent.
1221 757 1296 788 438,
1314 756 1345 782 ὁ.
1362 764 1405 792 sq.
1431 758 1462 783 et
1477 753 1545 792 ipse
1566 754 1648 793 lega-

980 797 1091 825 tionem
1107 789 1182 826 illuc
1199 798 1285 827 obiit.
1302 798 1378 830 4:38,
1395 799 1446 826 24.
1470 797 1561 835 paulo
1577 802 1649 836 post

979 844 1098 877 captam
1116 840 1295 878 Olynthum.
1310 841 1386 875 439,
1401 843 1430 870 8.
1464 839 1647 870 Plutarchus

981 882 1010 910 in
1030 882 1097 910 vim
1117 882 1341 912 Demosthenis.
1360 882 1385 921 ξ.
1404 882 1444 912 ιε’.
1468 888 1559 923 negat
1575 893 1647 913 con-

981 930 1072 959 stare,
1091 935 1260 964 unquamne
1282 925 1366 955 dicta
1391 925 1485 954 fuerit
1500 935 1516 955 a
1534 927 1648 957 Demo-

980 968 1086 997 sthene
1101 969 1197 998 oratio
1211 969 1360 998 adversus
1373 967 1562 1004 AEschinem‚
1576 970 1604 999 h.
1619 981 1646 1000 e.

979 1011 1017 1039 de
1035 1010 1111 1040 salsa
1128 1012 1291 1052 legatione.
1333 1011 1464 1047 Quando
1481 1011 1648 1051 Pylagoras

978 1054 1069 1083 suerit
1087 1055 1258 1090 AEschines,
1275 1054 1385 1094 qua-rit
1402 1055 1546 1085 Corsinus
1560 1056 1593 1085 F.
1607 1056 1646 1085 A.

980 1100 1009 1133 1,
1025 1098 1099 1127 357.
1125 1098 1289 1128 AEschines
1305 1097 1536 1136 Ctesiphontem
1559 1108 1650 1128 accu-

979 1141 1060 1169 savit
1083 1140 1132 1170 die
1158 1143 1188 1171 6.
1217 1141 1467 1179 Elaphebolionis
1489 1142 1528 1172 A.
1550 1144 1582 1172 2.
1605 1143 1648 1172 O·

978 1183 1074 1222 lymp.
1092 1186 1165 1214 110.
1188 1185 1306 1214 Corsini
1326 1195 1355 1224 p.
1370 1185 1445 1215 360.

936 1225 1091 1262 AEsehrio,
1116 1238 1224 1257 servus
1248 1226 1407 1264 ἀκόλουθος,
1431 1237 1484 1258 seu
1511 1227 1650 1266 pedisse-

978 1281 1055 1309 quus
1075 1271 1240 1300 Timothei.
1257 1273 1351 1306 1190,
1368 1271 1424 1301 ult.
1439 1271 1535 1306 1193,
1555 1273 1605 1302 13.

935 1313 1102 1352 AEschylus
1130 1314 1358 1349 Charidemum,
1389 1314 1583 1345 lschomaohi
1613 1315 1649 1345 fl-

979 1357 1065 1391 lium,
1083 1357 1252 1396 adoptavit.
1274 1359 1366 1391 1331,
1379 1360 1432 1389 25.

935 1399 1041 1429 AEsius
1065 1411 1157 1430 causa
1181 1401 1331 1430 adversus
1353 1399 1591 1431 Nausimachum
1617 1406 1649 1432 et

981 1442 1203 1481 Xenopithem,
1223 1444 1346 1478 fratres,
1363 1443 1488 1474 cecidit.
1506 1446 1581 1479 993,
1597 1449 1651 1476 11.

936 1485 1056 1521 AEsius,
1071 1486 1164 1516 frater
1179 1486 1316 1526 Aphobi.
1335 1489 1410 1522 849,
1426 1489 1457 1517 2.
1475 1488 1549 1523 861,
1567 1491 1595 1518 1.

936 1529 1040 1565 Aeetes,
1051 1529 1157 1566 Αήτης,
1167 1530 1319 1565 Ciriades,
1331 1529 1480 1570 Κειριάδης,
1491 1530 1647 1561 Polemar·

979 1573 1064 1608 chus,
1082 1574 1163 1612 apud
1180 1583 1267 1612 quem
1285 1578 1352 1602 acta
1369 1577 1418 1603 est
1442 1583 1534 1603 causa
1557 1576 1648 1604 Neae-

978 1626 1031 1651 rae,
1065 1627 1081 1646 a
1113 1617 1268 1657 Stephano
1303 1621 1408 1646 contra
1441 1617 1647 1658 Phrynonem.

981 1661 1076 1695 1358,
1094 1661 1147 1691 ⁰23.
1423 1660 1425 1662 ’

936 1702 1092 1742 Agapaeus
1113 1703 1194 1742 apud
1212 1703 1327 1732 Oreum
1346 1702 1481 1742 Philippi
1505 1700 1646 1740 partibus

980 1747 1133 1776 studebat.
1149 1748 1222 1782 196,
1237 1749 1266 1776 4.

921 1789 1162 1827 'Agatharchum
1183 1790 1294 1828 pictor,
1314 1789 1352 1819 ab
1377 1788 1538 1819 Alcibiade
1563 1798 1645 1818 saeve

979 1833 1113 1862 habitus.
1128 1835 1204 1868 56⁶2,
1220 1835 1269 1862 12.

935 1876 1054 1914 Agatho
1068 1881 1220 1906 mereator
1236 1875 1368 1905 olearias
1384 1873 1504 1904 actione
1522 1875 1559 1903 ab
1574 1873 1645 1903 Ari-

978 1919 1129 1957 stogitone
1147 1919 1274 1958 petitus,
1291 1919 1347 1947 hoc
1366 1917 1495 1956 pecunia
1511 1917 1644 1955 placato,

977 1962 1160 1991 absolvitur.
1175 1964 1250 1996 784,
1268 1963 1321 1991 18.

937 2005 1120 2043 Agathocles
1137 2005 1260 2034 archon.
1276 2005 1370 2038 1152,
1388 2005 1438 2032 18.

934 2049 1062 2086 Agaros
1078 2048 1261 2087 Abydenus,
1287 2046 1427 2087 quamvis
1451 2046 1522 2076 odio
1547 2046 1644 2076 Athe-

977 2092 1098 2121 nienses
1125 2096 1361 2131 persequeretur
1384 2090 1543 2124 acerrimo,
1568 2089 1645 2119 civi-

976 2139 1038 2164 tate
1055 2141 1152 2164 tamen
1167 2136 1203 2164 ab
1215 2135 1292 2173 ipsis
1302 2134 1432 2165 donatus
1447 2133 1513 2162 fuit.
1527 2134 1642 2168 6882.

934 2177 1106 2216 Agyrrhins
1127 2177 1317 2217 Collytensis
1344 2175 1412 2216 [alii
1438 2177 1526 2214 pejus
1541 2177 1642 2215 Argy-

976 2221 1053 2251 rinm
1070 2221 1241 2262 appellant]
1258 2230 1326 2250 cum
1346 2219 1394 2249 vir
1417 2221 1534 2258 probus
1548 2223 1642 2255 esset,

976 2265 1113 2303 beneque
1138 2265 1176 2294 de
1201 2265 1238 2294 P.
1263 2266 1298 2293 A.
1324 2263 1459 2297 meritus,
1487 2272 1641 2292 carcerem

978 2309 1080 2337 multis
1096 2308 1182 2337 annis
1196 2306 1336 2340 incoluit,
1352 2306 1449 2335 donec
1464 2315 1525 2334 aera
1548 2315 1642 2343 pecu-

975 2351 1036 2380 latu
1054 2352 1221 2380 interversa
1233 2349 1428 2379 restituisset.
1445 2350 1520 2382 742,
1534 2349 1585 2378 16.

934 2391 1641 2433 Ajax‚eponymustrihusAEantidarum,quare

978 2443 1074 2466 semet
1089 2436 1287 2466 interemerit.
1301 2437 1397 2468 1399,
1409 2436 1439 2464 2.

935 2479 1073 2515 Alcetas,
1098 2480 1264 2509 foederatus
1285 2476 1529 2511 Atheniensium,
1550 2475 1643 2506 inter-

979 2523 1062 2552 cedit
1076 2533 1131 2561 pro
1147 2522 1317 2555 Timotheo,
1336 2521 1533 2559 imperatore,
1547 2520 1641 2558 maje-

979 2566 1068 2595 statis
1093 2575 1145 2595 reo
1172 2565 1264 2593 facto.
1292 2566 1388 2597 1187,
1413 2565 1465 2593 15.
1503 2563 1568 2600 ejus
1595 2562 1640 2592 rei

979 2618 1071 2638 causa
1087 2608 1153 2646 ipse
1167 2608 1300 2636 Athenas
1314 2606 1406 2635 venit.
1420 2607 1516 2637 1190.
1529 2607 1579 2636 23.
1596 2605 1641 2636 vi-

976 2650 1065 2680 detur
1081 2651 1204 2681 Alcetas
1221 2660 1289 2679 esse
1308 2648 1407 2688 Epiri,
1421 2649 1469 2679 vel
1488 2648 1644 2678 Molosso·

977 2704 1040 2723 rum
1065 2703 1132 2729 rex,
1156 2703 1232 2722 avus
1257 2692 1452 2732 Olympiadis
1474 2693 1553 2731 ejus,
1573 2702 1641 2730 quae

976 2737 1184 2766 Alexandrum
1201 2737 1246 2765 M.
1263 2735 1396 2775 peperit.

933 2779 1111 2809 Alcibiades
1135 2780 1163 2809 in
1186 2780 1359 2817 exemplum
1383 2776 1566 2817 proponitur
1588 2777 1640 2807 ho-

976 2822 1066 2852 minis
1081 2822 1252 2855 insolentis.
1269 2822 1323 2851 sed
1338 2821 1447 2851 merito
1464 2819 1572 2859 puniti,
1587 2830 1641 2850 ne-

976 2877 1035 2905 que
1060 2875 1078 2895 a
1102 2866 1219 2905 magnis
1243 2865 1306 2894 illis
1333 2862 1484 2894 sublevati
1510 2861 1640 2898 meritis,

976 2908 1086 2947 quibus
1102 2909 1228 2950 patriam
1247 2907 1305 2938 sibi
1319 2907 1512 2937 devinxerat.
1522 2906 1599 2939 561.
1611 2907 1642 2936 5.

977 2953 1043 2991 ejus
1067 2962 1123 2992 pro
1137 2952 1238 2992 patria
1252 2950 1387 2990 suscepti
1403 2950 1525 2980 labores
1539 2947 1643 2978 bellici
