1822 3187
196 100 281 141 312

240 215 303 245 pax
342 204 467 234 decreta
496 203 739 234 confirmaretur.
768 206 824 240 72,
853 204 908 234 ult.

241 250 318 284 346,
333 250 364 278 6.
381 252 412 277 et
429 247 578 286 deinceps
594 247 776 286 saepissime,
793 252 826 276 ut
842 257 869 277 e.
881 258 909 277 c.

242 302 272 331 p.
290 293 366 322 392.
383 301 430 329 sq.
448 290 567 320 tertiam
585 292 685 325 ambo,
703 291 830 329 ipseque
844 290 910 319 De-

240 335 427 369 mosthenes,
467 338 498 363 et
534 334 708 367 AEschines,
744 334 910 370 ejurarunt.

242 379 318 412 378,
340 379 391 406 14.
415 378 491 411 379,
507 379 558 406 11.
582 378 657 410 395,
670 378 699 406 9.
719 375 853 404 secunda
867 375 913 404 le-

243 421 326 459 gatio
363 418 503 458 contigit,
531 419 707 457 priusquam
746 417 912 457 Philippus

243 464 393 493 Euboeam
429 473 482 501 per
518 462 654 490 homines
685 460 744 490 sibi
772 461 912 491 addictos

242 511 408 545 occuparet
423 505 551 544 Olymp.
570 506 644 538 108,
657 506 686 534 2.
713 503 871 534 Plutarch.
886 502 912 542 ᾗ.

245 548 292 584 ις’.
310 560 339 578 v.
357 550 467 578 Baron.

201 592 387 632 Legationes
428 589 646 621 Demosthenis
683 589 722 619 ad
758 588 912 627 Pelopon-

243 634 346 665 nesios
355 635 568 669 intercessere,
580 632 740 672 quominus
749 632 912 670 Philippus

242 677 432 717 peninsulam
446 677 522 705 banc
534 683 666 714 raperet.
685 677 757 711 129,
775 677 826 704 16.
838 677 914 710 252,

245 724 275 750 1.
306 719 356 749 ubi
380 720 469 749 etiam
494 719 662 757 legationes
677 728 914 747 commemoran-

243 769 305 799 tur,
328 773 454 802 quarum
472 766 578 791 auctor
601 762 658 791 fuit
679 762 915 792 Demosthenes.

244 807 372 845 Legatio
399 806 490 835 Dein.
515 805 552 834 ad
578 805 713 843 Argivos
740 808 770 834 et
796 805 915 833 Messe·

244 850 314 879 uios
335 850 429 878 multo
445 852 517 887 post
541 848 709 886 Olynthum
726 853 857 885 captam,
884 852 916 876 at.

245 903 304 921 non
322 892 417 921 multo
435 897 534 920 tamen
550 896 620 930 post
635 900 740 929 pacem
754 900 823 919 cum
845 889 915 919 Phi—

248 935 334 974 lippo
346 939 543 967 contractam,
554 933 667 962 evenit.
679 935 733 968 70,
750 934 803 963 25.
818 934 871 967 71,
884 934 914 962 6.

247 979 299 1007 ubi
316 978 448 1007 notanda
462 981 507 1005 est
523 975 619 1006 dictio
636 977 730 1005 πολὺν
744 975 847 1015 χρόνον,
872 976 916 1004 in-

245 1021 365 1055 dicans,
382 1030 418 1049 eo
434 1024 584 1058 tempore,
605 1029 665 1058 quo
696 1018 917 1048 Demosthenes

245 1064 283 1092 ad
302 1063 474 1093 Messenios
489 1063 543 1092 illa
558 1064 652 1093 verba
663 1062 805 1096 faciebat,
818 1061 916 1100 Olyn-

245 1107 329 1136 thum
352 1108 415 1144 jam
443 1106 558 1135 dudum
585 1105 615 1134 in
643 1104 740 1134 ruinis
767 1103 914 1142 jacuisse.

247 1150 310 1179 Sed
328 1149 502 1188 Philippica
518 1148 665 1184 secunda,
680 1147 730 1177 cui
741 1147 855 1177 inserta
870 1151 917 1176 est

246 1191 307 1222 ista
322 1192 473 1232 particula
497 1192 642 1222 orationis
666 1191 704 1220 ad
729 1190 916 1225 Messenios,

247 1235 332 1265 dicta
369 1240 418 1265 est
462 1245 538 1264 auno
572 1239 681 1274 quarto
719 1232 915 1271 Olympiadis

248 1279 370 1309 CVIII.
384 1288 457 1317 ergo
478 1288 603 1308 necesse
620 1282 678 1311 est,
693 1276 789 1306 utilla
804 1276 843 1305 ad
857 1276 917 1305 Pe-

246 1321 482 1360 loponnesiacos
493 1321 606 1360 legatio
616 1320 644 1349 in
657 1329 778 1354 annum,
793 1322 844 1348 aut
857 1323 917 1348 ter-

246 1365 336 1399 tium,
360 1370 412 1393 aut
431 1368 585 1403 quartum,
609 1363 747 1402 ejusdem
775 1361 918 1400 Olympi-

247 1407 316 1437 adis
331 1403 485 1436 inciderit.

206 1451 271 1480 Leo
283 1450 488 1488 Timagoram,
508 1449 558 1479 cui
578 1458 681 1478 comes
697 1446 862 1486 legationis
879 1448 917 1477 ad

246 1503 351 1532 regem
382 1494 542 1522 Persarum
574 1491 776 1530 quadriennio
807 1491 918 1527 fuerat,

247 1537 346 1566 redux
357 1536 467 1571 factus,
484 1534 653 1565 accusavit.
671 1536 747 1568 400,
761 1543 832 1572 pen.

205 1579 395 1614 Leochares,
418 1578 449 1608 iu
474 1588 563 1617 quem
580 1577 643 1617 agit
655 1587 701 1607 or.
718 1588 751 1616 p.
767 1578 862 1606 1080.
880 1576 918 1606 ad

207 1665 364 1701 Leocorae,
394 1675 446 1695 seu
478 1663 549 1693 filiae
574 1662 701 1698 Leonis,
737 1673 770 1692 se
802 1663 921 1692 dedunt

250 1708 330 1738 ultro
361 1718 418 1747 pro
448 1707 545 1737 salute
577 1706 683 1745 patria:
711 1706 919 1736 immolandas.

249 1753 345 1786 1398,
361 1754 391 1783 5.

207 1795 388 1824 Leocrates.
404 1795 502 1827 1028,
517 1795 568 1823 20.
584 1798 614 1822 et
629 1791 789 1831 deinceps.

206 1837 388 1871 Leodamas,
405 1835 624 1871 Acharneusis,
652 1835 827 1866 causidicus
855 1840 917 1865 tum

248 1880 348 1910 clarus
365 1883 397 1909 et
423 1885 543 1917 potens.
570 1880 645 1913 501,
661 1881 713 1908 23.
739 1883 805 1907 erat
820 1878 848 1907 in
865 1879 919 1907 ad-

249 1922 366 1952 vocatis
393 1922 456 1960 legi
485 1921 634 1958 Leptinis.
665 1921 741 1951 ibid.
777 1921 918 1950 Chabriae

249 1966 339 1995 datos
347 1965 480 1994 honores
497 1963 616 2002 eripere
626 1963 739 1993 frustra
755 1963 919 1994 laboravit.

248 2009 324 2043 501,
342 2018 411 2047 pen.

205 2050 417 2087 Leodamanti,
432 2050 550 2085 nescio,
577 2061 613 2079 an
631 2049 742 2084 eidem,
770 2049 919 2088 praefecto

249 2094 360 2124 elassis
377 2094 488 2124 Atticae
502 2093 719 2127 frumentariae,
735 2102 830 2122 naves
846 2092 918 2122 Phi-

249 2138 354 2176 lippus
378 2136 491 2166 ademit
512 2146 569 2175 per
592 2137 765 2175 Amyntam,
791 2135 919 2174 impera-

250 2185 348 2210 torem
365 2189 427 2209 suae
444 2179 563 2209 classis.
577 2181 653 2215 249,
667 2182 717 2208 14.
733 2189 838 2208 verum
850 2179 919 2208 aliis

249 2223 280 2252 in
304 2223 476 2257 codicibus,
499 2228 529 2251 et
554 2222 583 2251 in
606 2221 674 2261 ipsa
695 2221 834 2260 Philippi
855 2222 918 2260 epi<

250 2266 341 2301 stola,
363 2276 393 2305 p.
415 2267 533 2300 ⁴251,3.
557 2265 722 2295 Laomedon
738 2264 920 2303 appellatur.

251 2308 365 2338 Evenit
380 2319 456 2338 anno
472 2312 580 2348 quarto
593 2308 716 2347 Olymp.
735 2308 826 2337 CtX.
843 2308 919 2338 Cor-

253 2352 310 2382 sin.
327 2352 364 2381 F.
381 2353 419 2381 A.
439 2352 466 2380 I.
483 2362 514 2390 p.
530 2352 605 2382 353.
866 2356 869 2358 ’

208 2394 373 2430 Leonidas,
389 2394 427 2423 ad
442 2395 665 2433 Thermopylas
679 2394 827 2423 adversus
844 2393 922 2422 Xer-

251 2448 311 2468 xen
328 2447 478 2476 pugnans,
504 2447 562 2466 una
587 2447 655 2466 cum
681 2441 769 2476 parte
794 2436 923 2466 dimidia

252 2480 470 2510 Plataeensium
487 2479 641 2509 occubuit.
662 2482 756 2514 1377,
774 2481 825 2510 15.

210 2522 382 2557 Leontidae,
407 2523 508 2552 tribus
521 2523 647 2556 Athen.,
666 2533 796 2561 quorum
809 2532 924 2561 epony-

250 2567 303 2601 mi,
314 2567 444 2605 ejusque
459 2566 598 2601 filiarum,
615 2565 742 2595 historia
764 2565 924 2604 attingitur

253 2620 284 2648 p.
299 2611 395 2645 1398,
410 2612 442 2639 4.

211 2653 389 2682 Leostratus
406 2651 594 2682 Eleusinios.
613 2653 707 2685 1083,
721 2653 751 2681 8.

211 2696 355 2734 Leptines
384 2695 575 2735 rogationem
600 2695 720 2729 tulerat,
747 2697 780 2723 ut
809 2692 924 2723 nemini

252 2748 412 2768 munerum
456 2738 651 2777 publicorum
696 2741 924 2767 sumtuosnrum

253 2781 408 2811 functione
432 2792 541 2811 vacare
564 2782 682 2810 liceret.
727 2781 817 2810 Hanc
838 2790 926 2819 roga-

251 2823 364 2853 tionem
392 2824 553 2863 impugnat
576 2835 621 2854 or.
647 2833 665 2853 a
689 2834 722 2864 p.
740 2825 814 2854 457.
839 2823 876 2853 ad
893 2833 924 2863 p.

211 2910 371 2948 Leptines,
389 2909 400 2938 ὁ
416 2909 448 2939 ἐκ
463 2909 570 2944 Κοίλης.
587 2912 661 2945 611,
677 2912 729 2941 22.

630 97 827 140 INDEX
860 97 1228 140 HISTORICUS

945 205 1081 240 Leucon,
1105 215 1161 234 rex
1177 204 1280 240 Ponti,
1302 203 1429 235 civitate
1444 205 1547 236 Attica
1562 206 1656 236 dona·

987 252 1049 276 tus.
1075 249 1150 282 466,
1173 250 1225 278 12.
1247 249 1286 277 ob
1306 247 1500 287 privilegium
1518 249 1654 288 negotia-

988 290 1106 319 toribus
1128 290 1240 319 Athen.
1268 290 1430 326 iudultum,
1454 295 1486 320 ut
1505 291 1654 321 frumento

988 331 1122 362 Pontico
1140 342 1234 362 naves
1256 343 1327 362 suas
1345 338 1412 363 ante
1429 343 1532 363 omnes
1548 334 1657 373 imple-

987 379 1068 410 rent,
1094 380 1125 404 et
1150 375 1346 415 vectigalium
1370 382 1471 406 essent
1496 377 1657 406 immunes.

987 419 1063 453 466,
1087 420 1138 448 27.
1164 418 1223 447 alia
1245 419 1312 456 ejus
1344 419 1489 456 praeclara
1511 419 1549 448 de
1566 419 1603 448 P.
1619 418 1658 448 A.

989 461 1098 490 merita
1114 466 1337 490 enumerantur.
1353 462 1428 490 ibid.

947 503 1042 538 Lous,
1073 503 1187 533 mensis
1211 504 1444 539 Macedonicus,
1467 503 1657 543 respondens

990 545 1096 575 Attico
1115 547 1345 576 Boedromioni.
1365 549 1440 582 280,
1458 550 1508 577 12.

948 588 1097 627 Lykidas,
1109 589 1231 619 molitor
1247 589 1451 627 pistrinarius.
1472 590 1568 625 1251,
1583 592 1613 620 4.

951 631 1098 670 Lykidas,
1121 632 1261 662 Chabriae
1278 633 1429 671 quondam
1445 643 1565 666 servuS,
1580 631 1660 662 dolis

991 674 1219 713 impetraverat,
1247 681 1280 704 ut
1309 686 1464 714 proxenns
1495 675 1661 706 Athenien-

992 717 1070 746 sium
1110 718 1207 757 (apud
1243 719 1428 754 Messenios,
1461 726 1493 748 ut
1521 717 1660 758 videtur)

992 760 1239 791 constitueretur.
1255 763 1329 796 497,
1344 764 1376 791 7.
1392 767 1422 791 et
1438 764 1487 791 15.

950 803 1097 842 Lykinus,
1110 803 1311 840 Pallenensis,
1325 805 1455 834 Archon.
1474 806 1570 839 1223,
1586 806 1617 834 2.

949 846 1116 885 Lykiscus,
1129 847 1264 882 Archon,
1288 858 1348 886 quo
1367 848 1510 877 honorem
1535 851 1661 886 gerente

994 889 1114 928 probati
1136 894 1206 918 suut
1219 890 1435 920 thesmothetae
1454 900 1568 923 omnes,
1584 899 1655 928 pro-

993 936 1109 970 pterea,
1125 933 1206 970 quod
1217 932 1394 962 Theocrinis
1408 933 1502 962 frater
1514 933 1544 962 in
1557 942 1662 962 eorum

994 979 1077 1004 esset
1095 974 1240 1012 collegio,
1263 976 1317 1014 qui
1340 976 1478 1005 consiliis
1493 975 1593 1005 fratris
1613 986 1661 1006 re-

995 1022 1127 1056 geretur.
1146 1019 1241 1053 1330,
1257 1020 1310 1050 24.
1458 1046 1462 1049 ,

950 1060 1067 1099 Lycon,
1100 1060 1296 1098 Heracleota,
1320 1061 1359 1091 de
1384 1063 1472 1100 cujus
1495 1060 1664 1090 hereditate

994 1103 1204 1133 controversia
1219 1109 1288 1134 nata
1299 1110 1345 1134 est
1358 1105 1436 1134 inter
1445 1104 1620 1143 Callippum
1633 1109 1664 1134 et

995 1146 1217 1185 Apollodorum
1233 1147 1383 1176 Pasionis.
1395 1149 1491 1183 1236,
1508 1150 1559 1178 11.
1574 1157 1620 1185 sq.

952 1190 1084 1229 Lyconis
1106 1189 1288 1219 mentionem
1307 1191 1368 1219 lieri
1392 1191 1422 1220 in
1438 1201 1483 1219 or.
1507 1200 1562 1228 pro
1578 1200 1666 1220 coro·

994 1243 1042 1268 na,
1058 1233 1203 1271 perhibet
1217 1234 1383 1263 Athenaeus
1395 1243 1427 1272 p.
1437 1235 1513 1268 486,
1529 1236 1558 1262 1.
1573 1243 1664 1272 quem

995 1276 1096 1305 locum
1112 1285 1170 1304 non
1188 1276 1321 1314 reperio.

952 1319 1124 1360 Lycurgus,
1149 1323 1261 1354 orator,
1285 1329 1344 1348 una
1365 1329 1434 1348 cum
1457 1319 1666 1349 Demosthene

995 1361 1177 1400 legationem
1212 1362 1249 1391 ad
1279 1362 1420 1391 civitates
1458 1362 1664 1401 Peloponnesi

995 1403 1084 1439 obiit,
1099 1404 1246 1433 adversus
1270 1404 1450 1444 Philippum
1473 1415 1667 1435 commoven-

996 1447 1063 1478 das.
1077 1450 1151 1481 129,
1167 1449 1219 1477 19.
1243 1447 1350 1477 habuit
1370 1448 1484 1486 primas
1509 1453 1613 1486 partes
1636 1448 1666 1477 iu

996 1489 1115 1519 actione
1129 1490 1157 1519 in
1170 1490 1422 1529 Aristogitonem.
1443 1492 1519 1526 770,
1536 1493 1566 1520 2.
1589 1492 1666 1527 773,

998 1534 1050 1562 26.
1079 1536 1144 1562 tota
1171 1532 1303 1571 epistola
1328 1534 1417 1563 tertia
1443 1544 1472 1573 p.
1499 1535 1596 1570 1474,
1618 1544 1666 1573 sq.

996 1576 1101 1605 laudat
1116 1577 1303 1615 Lycurgum,
1314 1580 1345 1606 et
1355 1577 1492 1615 increpat
1502 1576 1667 1606 Athenien-

999 1629 1060 1654 ses,
1077 1618 1128 1657 qui
1146 1618 1223 1648 filios
1241 1619 1299 1649 viri
1322 1620 1409 1650 fortis
1425 1619 1600 1658 optimeque
1628 1620 1668 1649 de

996 1672 1063 1700 rep.
1079 1661 1194 1697 meriti,
1218 1663 1334 1692 carceri
1356 1663 1562 1698 mandassent,
1587 1663 1667 1692 unde

999 1715 1052 1735 eos
1065 1705 1163 1734 emitti
1179 1710 1278 1744 rogat.

955 1748 1128 1790 Lysander,
1136 1748 1304 1788 imperator
1311 1749 1490 1788 Spartanus,
1501 1758 1564 1778 rem
1575 1749 1668 1778 Athe-

997 1791 1149 1821 niensium
1165 1791 1315 1827 navatem,
1339 1797 1371 1821 et
1385 1796 1482 1822 totum
1505 1791 1666 1831 imperium

997 1834 1133 1864 funditus
1149 1835 1261 1864 evertit
1277 1836 1316 1864 ad
1337 1834 1435 1874 AEgos
1459 1840 1597 1874 potamos
1618 1845 1666 1864 ca·

997 1878 1059 1916 ptis
1075 1876 1216 1907 ducentis
1231 1888 1336 1907 eorum
1353 1878 1492 1907 navibus.
1505 1879 1583 1912 691,
1601 1879 1631 1907 6.

954 1920 1072 1959 Lysias,
1098 1925 1210 1954 orator,
1235 1919 1369 1959 Kephali
1392 1920 1484 1955 fitius,
1508 1920 1669 1951 Metanirae

996 1967 1123 1992 amator.
1140 1963 1236 1998 1351,
1251 1965 1303 1993 23.

955 2006 1182 2044 Lysimachum,
1198 2006 1309 2040 virum,
1326 2012 1359 2035 ut
1378 2005 1501 2044 antiqua
1524 2006 1576 2036 illa
1591 2011 1668 2036 tem-

998 2059 1072 2087 pora
1103 2048 1250 2084 ferebant,
1284 2049 1412 2087 probum
1440 2054 1471 2078 et
1498 2049 1668 2084 honestum,

998 2091 1152 2130 quomodo
1167 2092 1253 2121 cives
1276 2092 1503 2121 honoraverint.
1524 2094 1598 2128 491,
1618 2095 1669 2123 26.

997 2135 1054 2164 fuit
1068 2134 1228 2169 Aristidis,
1245 2134 1322 2173 justi
1346 2134 1434 2169 dicti,
1457 2134 1551 2165 filius.
1574 2135 1668 2166 Schol.

998 2177 1073 2207 ibid.
1090 2182 1121 2206 et
1136 2177 1241 2206 Vales.
1258 2178 1294 2206 ad
1313 2177 1411 2215 Harp.
1423 2188 1453 2216 p.
1471 2180 1544 2207 121.

957 2220 1171 2259 Lysimachus,
1193 2220 1338 2260 Lysippi,
1356 2220 1550 2259 AEgiliensis.
1571 2223 1668 2257 1387,

960 2307 1100 2346 Lysinus.
1119 2309 1193 2343 949,
1210 2310 1240 2338 6.

957 2350 1122 2388 Lysippus,
1137 2350 1306 2380 Crioeusis.
1323 2352 1419 2385 1083,
1433 2354 1483 2380 11.

956 2393 1159 2431 Lysistratus,
1175 2393 1352 2423 Thorikius.
1373 2395 1468 2428 1023,
1484 2394 1536 2423 23.

959 2436 1162 2472 Lysistratus,
1188 2436 1329 2466 Aristoni
1360 2440 1490 2465 testatus
1521 2435 1550 2464 in
1576 2446 1668 2466 cansa

1003 2481 1176 2515 verberum,
1200 2480 1347 2509 adversus
1376 2478 1540 2508 Cononem.
1572 2481 1668 2515 1266,

1003 2524 1055 2552 26.

962 2564 1151 2604 Lysithides,
1172 2564 1202 2593 in
1233 2563 1392 2593 ditissimis
1422 2564 1550 2594 Athenis
1580 2569 1670 2595 aetate

1005 2606 1230 2637 Demosthenis.
1257 2609 1331 2641 565,
1359 2609 1410 2638 13.
1447 2612 1612 2637 accusatus
1631 2609 1670 2637 ab

1004 2651 1202 2682 Euctemone.
1227 2656 1366 2689 tanquam
1385 2651 1500 2680 habens
1521 2661 1616 2689 penes
1636 2660 1669 2680 se

1002 2693 1138 2732 praedam
1155 2692 1241 2723 navis
1257 2693 1488 2728 Naucratiticae,
1499 2693 1537 2722 ab
1551 2694 1671 2723 Andro-

1003 2736 1085 2766 tione
1101 2737 1229 2774 ejusque
1249 2736 1379 2775 collegis
1394 2736 1555 2775 legationis
1571 2737 1602 2766 in
1613 2737 1671 2766 Ca-

1004 2779 1078 2809 riam
1091 2784 1197 2818 captae.
1214 2781 1288 2814 703,
1310 2782 1358 2809 14.
1377 2779 1546 2818 aCallippo
1557 2779 1671 2809 arbiter

1004 2823 1084 2852 inter
1099 2833 1131 2852 se
1156 2827 1186 2852 et
1210 2823 1374 2852 Pasiouem
1401 2823 1551 2852 delectus.
1574 2824 1670 2856 1240,

1004 2868 1036 2895 7.
1060 2866 1112 2895 ubi
1132 2866 1278 2896 Isocratis
1303 2871 1332 2895 et
1356 2865 1491 2905 Apharei
1512 2864 1668 2895 familiaris

1005 2908 1130 2939 dicitur.
