1910 3187
633 146 1123 193 DEMOSTHENEAE.

181 257 255 287 σθαι
270 268 306 287 τη
320 255 402 297 χειρί.
419 256 493 290 572,
506 257 558 285 20.
575 253 651 293 λέγει
664 266 715 288 της
727 265 777 291 γης
791 253 846 293 οὺχ

153 331 159 335 ,
181 299 349 339 ἁπτόμενος.
366 301 439 333 646,
456 301 505 327 10
529 297 577 327 οὐκ
591 295 754 329 ἐθελήσοις“
745 296 846 325 ἀπτε-

182 342 257 371 σθαι
273 343 320 371 τοῦ
336 340 407 391 ῖερείο
397 353 434 370 υ.
454 343 547 374 1078,
563 343 613 370 21.

138 384 266 415 ἀπωθεῖν
281 384 324 413 δεῖ
335 384 379 413 τὸν
394 383 524 422 «πόλεμον
537 381 637 411 ἐκεῖσε.
652 380 725 410 illuc
741 380 847 410 amoli-

181 428 219 463 ri,
235 427 406 457 detrudere.
423 428 474 460 17,
488 428 518 455 8.
541 421 714 453 acomitatu
732 433 786 452 suo
804 424 846 452 fa—

181 470 325 509 miliaque
337 469 471 507 abigere.
488 469 540 501 23,
552 469 582 496 8.
603 467 652 495 τὴν
666 465 847 506 ὑπάρχουσαν

180 512 315 553 αἰσχύνην
346 512 384 546 εἷς
409 512 473 543 τοὺς
507 507 612 542 αἰτίους
645 508 846 539 ἀπώσασθαι

182 557 257 590 408,
272 558 323 585 22-

139 597 305 637 ἀπωτάτω]
320 605 408 634 quam
421 592 635 623 remotissime.
652 594 725 627 675,
738 603 805 632 pen.

139 639 276 679 ἀπωτέρω
294 638 362 676 γένει
377 636 459 669 ὄντες.
475 636 654 666 remotiores
667 636 846 675 consangui-

181 682 285 711 nitatis
300 679 404 719 gradu.
422 680 517 714 1066,
534 681 586 710 26.

137 724 204 764 ἀρὰ]
223 724 306 758 dirae,
322 721 446 771 quibus
456 721 487 750 in
509 720 655 750 concione
677 721 805 751 Athenis
831 733 848 751 a

179 775 321 804 praecone
333 764 447 794 inimici
464 764 568 802 populi
585 763 656 793 Ath.
667 769 696 792 et
712 763 742 792 in
761 765 831 793 his
824 765 846 794 1i

179 808 420 843 devovebantur,
437 807 490 845 qui
507 807 543 836 P.
559 807 598 836 A.
615 806 700 835 vanis
717 808 847 844 proruis-

179 849 316 880 sionibus
343 849 550 888 decepissent.
589 850 664 884 363,
697 852 745 878 12.
781 852 849 883 ταῖς

178 893 259 932 ἀραις
283 891 384 933 ἔνοχος.
405 894 479 926 404,
502 895 532 922 4.
557 892 638 931 ὑμεις
653 902 700 922 την
720 893 787 932 ἀρὰν
800 894 847 921 και

178 936 227 966 τὴν
241 934 379 975 ἐπιορκίαν
394 934 442 974 [ἰά
458 939 504 964 est
524 936 572 966 τὴν
591 938 668 974 παρὰ
689 947 739 968 της
759 933 847 976 ἐπιορ-

176 976 240 1010 ula<-
263 978 345 1018 ἀρὰν]
365 977 454 1007 οἴκαδε
476 976 675 1016 ἀπενέγκησθε.
698 980 772 1012 409,
795 980 846 1007 21.

178 1019 243 1059 ἀραί
264 1020 342 1057 εἷο-ιν,
366 1020 440 1054 ὅπως
457 1020 556 1058 μηδεὶς
571 1020 658 1054 ἄλλος
672 1020 759 1060 κύριος
772 1019 848 1057 γένη·

177 1073 239 1092 ται.
255 1063 330 1092 dirae
346 1068 418 1093 sunt
439 1063 470 1092 in
489 1073 542 1092 eos
557 1062 695 1093 dicendae
714 1064 847 1100 publice,

179 1105 232 1143 qui
247 1116 392 1135 summam
406 1116 504 1135 rerum
526 1105 671 1135 invadere
690 1110 847 1141 conantur,

178 1157 246 1186 quae
262 1147 336 1177 dirae
352 1148 654 1186 obstant,quominus
666 1154 776 1186 praeter
791 1158 847 1187 po-

180 1190 286 1228 pulum
301 1191 378 1220 alius
394 1191 551 1229 quisquam
564 1190 623 1219 sibi
638 1200 784 1220 summam
797 1201 845 1220 re-

178 1243 244 1261 rum
261 1237 440 1271 potestatem
457 1237 588 1271 arroget.
605 1235 679 1267 489,
692 1234 744 1262 23.
767 1234 846 1262 sole-

179 1275 251 1303 bant
265 1275 341 1303 dirae
357 1275 546 1304 testamentis
564 1274 729 1309 subscribi,
743 1276 768 1304 si
780 1276 847 1314 quis

177 1316 220 1346 ibi
235 1317 349 1355 scripta
364 1322 395 1346 et
409 1318 550 1346 mandata
565 1316 704 1346 violaret.
715 1318 780 1352 ταῖς
795 1317 848 1348 ἀπ’

177 1356 276 1393 ἐκείνης
294 1360 374 1400 ἀραῖς
395 1357 560 1398 γραφείσαις
584 1358 637 1389 ὑπὸ
657 1361 707 1390 τοῦ
731 1360 847 1400 πατρός.

179 1403 323 1437 96Ο,13.
344 1403 411 1442 ἀρὰς
427 1402 511 1436 δεινὰς
520 1403 569 1431 καὶ
580 1405 726 1443 χαλεπὰς
740 1402 846 1444 ἐπαρᾶ-

177 1443 264 1474 σθαι.
281 1447 375 1480 1268,
393 1448 444 1476 24

134 1485 283 1527 ἀργαλέος]
311 1487 394 1518 παύει
425 1486 448 1516 δ’
472 1487 611 1527 ἀργαλέης
645 1487 724 1526 ἔριδος
752 1489 845 1529 χόλον.

177 1531 253 1566 423,
268 1532 299 1561 5.

135 1572 241 1613 ἀργεῖν]
265 1573 312 1602 οὐκ
326 1572 361 1602 ἔνι
383 1571 465 1602 αὐτὸν
480 1573 634 1625 dgyofs‘vra,
655 1572 712 1603 οὐδὲ
728 1575 787 1607 τοῖς
802 1572 847 1613 api-

179 1620 236 1648 λοις
251 1614 421 1646 ἐπιτάττειν
435 1615 504 1655 ὑπὲρ
525 1616 611 1646 αυτοῦ
634 1627 663 1645 τι
685 1617 787 1646 ποιεῖν.
804 1629 846 1655 μη

179 1669 209 1687 τι
225 1669 257 1694 γε
273 1657 302 1688 δη
316 1669 375 1691 τοις
389 1657 466 1692 θεοῖς.
483 1661 535 1693 24,
546 1660 599 1689 21.
615 1658 705 1698 ἀργεῖν
715 1670 762 1688 και
774 1671 847 1700 σχο-

180 1699 272 1740 λαζειν
289 1711 336 1729 και
354 1701 471 1741 ἀπορεῖν.
485 1703 539 1736 38,
554 1703 604 1731 19.
639 1699 760 1741 ἀργησοιί
778 1709 848 1740 φησι

180 1742 214 1771 τὲ
230 1742 416 1783 ἐργαστήριον.
433 1754 569 1773 cessasse
593 1744 630 1773 ab
656 1755 750 1782 opere
773 1745 847 1774 saci-

177 1786 270 1815 undo.
286 1787 360 1820 819,
374 1788 425 1816 16.

134 1825 258 1868 ἀργία]’
248 1827 314 1857 εστι
327 1828 388 1867 περι
404 1829 454 1862 τῆς
468 1826 566 1868 ἀργίας
581 1828 670 1867 νόμος.
688 1830 784 1864 1:308,
795 1832 847 1860 19.

177 1875 284 1900 contra
309 1871 444 1906 desides,
467 1871 714 1909 negotiationem,
731 1872 848 1911 opifici-

179 1923 240 1949 um,
260 1917 408 1951 quaestum
433 1914 593 1943 honestum
619 1914 733 1943 nullum
757 1926 847 1944 exer-

178 1961 295 1985 centes.
306 1955 351 1985 διὰ.
364 1955 420 1994 μὲν
430 1954 528 1995 ἀργίας
539 1956 585 1985 καὶ
598 1955 734 1996 ῥᾳθυμίαις
748 1957 795 1986 καὶ
808 1960 847 1988 τὰ

177 1996 314 2031 ἐπιπολῆς
321 1997 528 2049 δυσχείρωτίι’
519 2009 594 2028 εστι.
614 2001 706 2035 1412,
725 2002 775 2029 21.

134 2039 230 2092 ἀργὸς]
245 2041 285 2069 τά.
301 2039 329 2069 τ’
343 2039 433 2081 ἔνεργοι
445 2042 535 2071 αὐτῶν
549 2040 740 2080 [facultatum
756 2043 846 2083 puta]

179 2082 227 2112 καὶ
238 2084 278 2112 τὰ
293 2083 377 2122 ἀργά.
394 2090 423 2113 et
435 2094 502 2122 quae
514 2084 613 2113 foenus
623 2085 807 2120 referebant,
819 2090 849 2114 et

178 2135 245 2163 quae
260 2125 388 2162 nullum,
409 2127 462 2155 sed
486 2126 596 2156 inertia
617 2132 707 2166 atque
731 2132 848 2157 mortua

177 2167 332 2205 jacebant.
348 2170 405 2197 81
392 2177 422 2203 o,
440 2170 491 2199 15.

137 2209 279 2251 ἀργυρεῖον,
296 2209 363 2239 scil.
384 2209 466 2250 ἔργον,
484 2215 515 2240 et
530 2210 668 2250 ἀργυρεῖα,
687 2211 755 2241 scil.
769 2224 847 2252 εργοι,

179 2251 306 2281 officinae
318 2252 490 2287 metallicae,
502 2253 616 2282 metalli
632 2253 752 2283 fodinae.
767 2254 849 2293 ἔργων

179 2292 322 2334 ἀργυρείων
344 2294 392 2324 οὐκ
417 2293 582 2333 ἐπιθυμεῖν.
607 2297 679 2330 100,
702 2299 754 2327 27.
774 2297 848 2335 ξύλα.

178 2337 217 2371 εἷς
231 2338 272 2366 τὰ
286 2335 352 2376 ἔργα
365 2339 406 2366 τὰ.
419 2337 558 2377 ἀργυρεῖα..
573 2339 712 2374 568,17.

135 2378 270 2421 ἀργυρέος,
291 2380 338 2408 vel
355 2380 494 2420 ἀργυροῦς]
511 2379 678 2419 ἐκπώματα.
692 2382 790 2422 χρυσᾶ
800 2392 847 2411 και

178 2423 294 2474 ἀργυρᾶ
298 2422 433 2462 προῦπιεν
448 2423 554 2456 αὐτοῖς.
565 2424 706 2458 384,13.

134 2463 294 2505 ἀργύριον]”
285 2463 350 2494 ὅταν
362 2464 386 2494 δ’
401 2464 449 2494 ἐπὶ
463 2464 604 2505 θάτεροι,“
592 2476 687 2505 ωσπερ
698 2465 735 2499 εἷς
742 2467 848 2506 τρυτά-

178 2517 231 2542 νην,
245 2506 365 2548 ἀργύριον
379 2507 570 2548 προσενέγκης,
579 2508 694 2558 οιχεται
709 2508 786 2548 φέρον
799 2509 848 2538 καὶ

177 2548 350 2579 κάθείλκυσε
364 2548 409 2579 τὸν
424 2549 560 2589 λογισμὸν
577 2548 621 2589 ἐφ’
636 2550 730 2581 ἑαυτό.
745 2554 799 2588 60,
814 2554 845 2581 7.

179 2603 212 2620 '1¹0
225 2591 429 2632 συνειλεγμξνον
446 2593 484 2626 Εἷς
498 2592 647 2632 Επίτῑμίάν
662 2593 792 2634 ἀργϋξῦον.
805 2605 846 2624 aeS

179 2643 197 2662 a
218 2644 250 2662 se
275 2634 437 2665 collectum
456 2635 494 2664 ad
520 2636 731 2666 redimendum
754 2641 847 2676 caput

179 2680 211 2705 et
219 2677 272 2713 jus
285 2676 315 2705 in
328 2677 394 2706 foro
407 2678 516 2708 standi.
529 2681 605 2714 329,
616 2681 668 2709 13.
691 2679 712 2708 οῖ
728 2678 750 2708 δ’
761 2680 847 2709 ὁτιοῦν

180 2717 212 2747 ἂν
231 2717 352 2758 ἀργυρίου
371 2720 545 2754 ποιήσαντες.
570 2721 621 2760 qui
643 2731 699 2760 pro
718 2723 847 2760 pecunia

180 2760 255 2790 nihil
283 2771 340 2790 non
370 2763 500 2800 audeant
530 2769 660 2802 patrare.
691 2766 846 2799 366,18.

180 2803 313 2832 subaudi
336 2803 410 2840 ἀντι,
433 2805 484 2834 vel
505 2806 595 2846 χάριν.
626 2807 719 2836 item:
740 2806 848 2847 πονηρός

179 2844 258 2876 ἐστιν
277 2843 400 2885 ἀργυρίου
411 2846 555 2886 (subaudi
570 2849 644 2885 ἀντὶ,
660 2848 734 2879 vel’
724 2850 779 2879 εωὶ
794 2862 846 2889 μι-

179 2888 263 2927 σθῷ)
279 2891 412 2929 συνεχῶς.
428 2891 501 2925 377,
519 2893 572 2922 23.
595 2891 827 2931 προσλαβῶνγ’“
815 2904 847 2922 αν

179 2931 298 2971 ἀργύριον
317 2932 390 2961 πάνυ
410 2931 502 2962 πολύ.
521 2934 596 2969 395,
613 2937 646 2964 8.
666 2934 780 2974 ἀργύρια
800 2935 845 2976 (in

1533 149 1588 191 45

922 251 1049 291 plurali)
1063 251 1158 280 αἰτῶν.
1173 251 1303 282 minutas
1318 254 1482 284 summutas
1497 264 1591 294 pecu-

921 294 991 329 niae,
1004 298 1056 324 aut
1071 294 1143 333 quia
1157 295 1195 324 ad
1212 295 1323 324 multos
1339 297 1478 336 respicit,
1489 307 1591 337 aquo-

922 347 987 366 rum
1006 347 1186 375 unoquoque
1200 336 1254 366 ille
1271 340 1454 376 sycophanta
1464 350 1524 370 aera
1536 351 1591 370 ex-

922 380 1081 419 primebat.
1107 381 1183 415 782,
1211 382 1262 409 24.
1284 379 1406 420 ἀργυριου
1429 382 1536 416 δίκας’
1526 382 1592 421 εμοῖ

922 422 1019 463 εἴληχε
1035 420 1101 451 δύο
1090 434 1103 452 η
1119 422 1201 461 τρεῖς.
1193 432 1325 452 .eausas
1338 425 1525 471 argentarias
1542 427 1591 455 vel

922 464 1115 503 pecuniarias
1124 465 1271 494 adversus
1280 475 1327 494 me
1340 465 1474 496 instituit
1488 477 1589 505 agere,

923 508 951 538 Ιι.
971 518 998 537 e.
1014 507 1122 546 quibus
1144 513 1286 546 ageretur
1300 508 1338 536 de
1354 509 1493 546 pecuniis
1514 520 1530 539 a
1546 521 1593 541 me

923 551 1110 580 aufferendis
1137 557 1167 579 et
1190 551 1419 589 extorquendis.
1445 554 1539 587 1002,
1559 556 1590 583 6.

924 592 957 622 τὸ
977 592 1098 633 ἀργύριον
1113 594 1162 626 τῆς
1177 591 1250 626 δίκης
1273 593 1320 634 [id
1335 597 1383 623 est
1397 592 1430 623 τὸ
1446 592 1472 623 έν
1486 607 1521 635 τῃ
1539 606 1591 625 κα-

923 634 1049 676 ταδίκῃ’
1040 647 1103 675 εμοι
1117 633 1375 675 ἐπιξεβλημένον]’
1366 634 1532 675 εκομίσ-οιτο.
1550 648 1591 667 aes

923 689 941 708 a
955 688 1001 707 me
1014 678 1180 707 aufferebat
1190 678 1232 713 id,
1246 689 1304 717 quo
1319 689 1334 708 a
1346 679 1504 717 judicibus
1516 681 1593 709 mul-

924 725 1023 749 ctatus
1045 721 1170 749 fueram.
1189 722 1283 756 1162,
1301 725 1352 752 18.
1380 721 1440 761 περὶ
1463 721 1518 760 μὲν
1543 724 1592 752 τοῦ

924 761 1058 802 παρόντος
1081 762 1212 803 ἀργυρίου.
1243 766 1315 799 166,
1345 767 1374 792 1.
1400 769 1431 793 et
1453 768 1516 794 tota
1540 765 1593 795 illa

924 806 960 835 cle
974 807 1162 843 *reparatione
1176 807 1311 835 oratione
1327 806 1505 845 designatur
1516 807 1592 837 illud

924 859 978 882 aes,
1002 849 1082 886 quod
1103 858 1207 877 omnes
1227 849 1306 878 inter
1328 849 1412 878 cives
1436 850 1594 888 aequaliter

924 891 1177 925 distribuebatur,
1196 901 1408 930 pauperesque
1432 897 1523 930 atque
1546 893 1593 922 lo-

924 933 1076 972 cupletes,
1099 944 1115 962 e
1145 933 1294 963 reditibus
1318 935 1396 972 reip.
1420 935 1593 973 quaesitum,

923 976 953 1005 id
979 976 1060 1014 quod
1086 975 1180 1005 fuisse
1207 975 1274 1005 δυοῖν
1295 975 1401 1009 ὀβολοῖν
1423 982 1506 1015 patet
1528 989 1544 1007 e
1561 989 1594 1017 p.

926 1020 999 1052 169,
1019 1022 1046 1047 1.

881 1061 1037 1101 ἀργυρῖτις]
1069 1060 1158 1098 gleba
1185 1065 1310 1099 argento
1336 1062 1418 1091 foeta.
1437 1062 1591 1094 Silberertz

926 1103 1113 1143 [sister-ore}
1132 1104 1206 1137 974,
1220 1107 1272 1137 28,
1289 1108 1319 1133 et
1335 1104 1391 1133 ult.

881 1145 1047 1185 ἀργυρόπους
1060 1144 1157 1185 δίφρος.
1173 1148 1249 1182 ¹741,
1265 1149 1295 1175 6.

881 1189 1079 1228 ἀργυρώνητος]
1105 1188 1168 1216 ἀντὶ
1183 1191 1237 1217 τῶν
1251 1188 1440 1229 ἀργυρωνήτων
1454 1189 1593 1221 δουλεύειν.

924 1234 997 1264 212,
1014 1233 1065 1260 20.

881 1273 970 1312 ἀργῶς
981 1271 1064 1312 ἔχετε
1080 1272 1155 1301 ὥστε
1170 1272 1293 1302 κωλύειν.
1309 1275 1362 1308 66,
1379 1276 1429 1303 16.
1446 1274 1474 1303 οὒ
1489 1275 1593 1311 κακῶς,

924 1315 976 1344 οὐδ’
988 1316 1079 1354 ἀργῶς
1095 1317 1192 1344 ταῦτα
1206 1315 1386 1355 λογιζόμενοι.
1402 1317 1547 1357 segniter,
1560 1324 1594 1348 ut

924 1357 1062 1386 homines
1081 1359 1194 1388 l'aoiunt
1217 1359 1445 1389 commodorum
1470 1371 1594 1390 suorum

923 1400 1042 1430 incurii.
1066 1403 1140 1436 100,
1164 1404 1216 1430 11.
1236 1406 1266 1431 et
1296 1403 1370 1437 155,
1394 1406 1447 1432 10.
1482 1404 1594 1434 πάντων

924 1442 1072 1483 ἀργότατοι
1087 1443 1259 1474 διοικεῖσθαι.
1277 1447 1350 1481 144,
1370 1447 1421 1474 10.

881 1485 958 1524 ἄρδην
979 1485 1102 1526 ἕλεθ’ρος.
1114 1488 1190 1521 385,
1214 1489 1244 1516 ⁰2.
1268 1486 1346 1527 ἄρδην
1366 1485 1425 1516 ὅλον
1446 1487 1594 1528 ἀφανίζου-

925 1539 977 1558 σιν.
995 1531 1068 1564 821,
1084 1531 1134 1560 25.
1159 1532 1232 1566 824,
1246 1533 1277 1560 4.

878 1570 979 1612 Ἀρειος
1005 1571 1118 1611 πάγος]
1146 1572 1298 1611 Areopagi
1320 1573 1427 1603 laudes
1444 1578 1475 1603 et
1490 1575 1594 1605 brevis

924 1615 1075 1644 enarratio
1087 1616 1272 1644 fortunarum
1289 1616 1364 1653 ejus.
1377 1618 1452 1651 641,
1465 1620 1517 1647 17.
1528 1628 1594 1657 sqq.

925 1658 1024 1686 caedes
1048 1658 1232 1687 deliberatas
1251 1658 1420 1696 judicabat.
1440 1660 1515 1695 505,
1540 1664 1593 1691 10.

926 1699 1069 1729 incendia
1086 1701 1256 1730 voluntaria
1277 1705 1308 1730 et
1323 1705 1436 1731 mortes
1456 1703 1594 1741 pharma—

924 1741 968 1772 cis
1007 1748 1206 1782 comparatas.
1242 1745 1316 1778 627,
1351 1747 1403 1774 22.
1441 1747 1594 1782 quomodo

925 1795 1023 1814 causae
1039 1786 1186 1824 capitales
1202 1796 1302 1815 coram
1316 1787 1373 1815 hoc
1390 1786 1533 1817 tribunali
1548 1789 1596 1819 fu-

925 1827 1005 1857 erint
1027 1832 1113 1858 actae.
1136 1831 1210 1863 642,
1231 1830 1284 1858 13.
1306 1828 1402 1867 leges,
1427 1831 1592 1862 secundum

926 1880 1000 1908 quas
1016 1871 1046 1899 in
1057 1871 1220 1910 Areopago
1233 1871 1439 1909 judicabatur,
1452 1873 1593 1905 Dracone

926 1917 958 1942 et
972 1913 1082 1943 Solone
1100 1918 1184 1943 erant
1199 1913 1396 1952 antiquiores,
1409 1919 1440 1944 et
1451 1916 1489 1944 ab
1505 1917 1593 1947 hero-

925 1955 993 1985 ibus
1009 1956 1130 1995 diisque
1145 1957 1225 1986 latae.
1243 1958 1316 1991 643,
1333 1959 1363 1987 9.
1380 1957 1433 1987 ubi
1446 1959 1535 1988 etiam
1554 1961 1592 1990 de

926 1998 1116 2037 antiquitate,
1147 1999 1344 2029 sanctimonia
1372 2005 1402 2029 et
1431 2003 1591 2039 majestate

925 2040 1015 2079 hujus
1033 2041 1142 2079 judicii
1166 2042 1528 2081 praedicatur.judicabat
1553 2046 1592 2076 de

925 2084 1102 2114 vulneribus
1124 2095 1217 2123 opera
1239 2085 1310 2114 data
1335 2085 1468 2115 inflictis.
1494 2090 1592 2124 1018,

925 2129 977 2156 12.
1002 2128 1096 2162 1265,
1119 2137 1189 2165 pen.
1213 2128 1242 2156 in
1265 2128 1385 2166 porticu
1409 2129 1493 2167 regia
1508 2130 1592 2161 dicta

925 2169 1047 2203 sedens,
1067 2169 1191 2199 sedebat
1206 2170 1284 2200 intra
1298 2171 1400 2200 funem
1420 2171 1592 2203 circumdu-

925 2215 1016 2241 ctum.
1029 2213 1103 2246 776,
1116 2215 1167 2243 20.
1185 2223 1220 2242 ex
1232 2213 1417 2252 hoojudioio
1431 2225 1499 2244 cnm
1516 2216 1593 2246 infa-

924 2254 986 2283 mia
1009 2254 1170 2293 expulsus,
1195 2257 1276 2294 quod
1298 2256 1436 2286 hortatus
1459 2258 1591 2297 aliquem

925 2296 1044 2332 fuisset,
1066 2302 1098 2326 ut
1119 2298 1246 2327 alterum
1268 2299 1386 2329 fortiter
1407 2301 1590 2331 verberaret.

926 2340 1021 2374 1264,
1043 2342 1101 2370 22.
1126 2340 1322 2379 Areopagitae
1345 2342 1523 2379 judicabant
1549 2344 1590 2374 de

924 2381 1032 2416 sacris,
1061 2382 1100 2411 de
1125 2393 1198 2421 rege
1224 2383 1390 2422 reginaque
1422 2394 1590 2422 sacrorum,

925 2423 979 2453 sed
993 2424 1139 2454 mulctare
1159 2435 1215 2463 pro
1230 2426 1357 2455 arbitrio
1372 2427 1448 2466 ipsis
1462 2427 1542 2458 haud
1554 2429 1590 2459 li-

923 2467 1020 2496 cebat.
1038 2468 1132 2502 1372,
1149 2469 1178 2497 8.

880 2506 1002 2549 ἀρέσκειν
1026 2509 1074 2539 οὖκ
1099 2508 1246 2540 ἧπιο-τοιτο
1276 2511 1335 2544 τοῖς
1358 2512 1408 2541 τοῦ
1435 2513 1590 2554 Φράστορος

923 2551 1041 2592 τρόποις.
1066 2553 1105 2582 sie
1122 2552 1226 2582 konnte
1243 2553 1302 2582 sich
1323 2554 1355 2582 in
1380 2556 1457 2584 seine
1478 2555 1589 2587 Leben-

921 2599 980 2624 sawt
996 2594 1077 2624 nicht
1087 2594 1208 2634 finden,
1224 2596 1270 2624 die
1283 2596 1371 2625 stund
1389 2597 1438 2626 ihr
1453 2598 1537 2628 ‘nicht
1549 2610 1589 2630 an

923 2636 986 2677 [she
997 2638 1083 2667 could
1098 2644 1148 2667 not
1162 2638 1369 2668 accommodate
1385 2638 1493 2680 herself
1501 2646 1529 2670 to
1547 2642 1590 2672 his

922 2689 1045 2709 manner
1069 2679 1105 2721 (ff
1126 2680 1228 2720 living,
1249 2680 1296 2709 she
1317 2681 1370 2710 did
1390 2687 1439 2711 not
1460 2683 1515 2713 like
1535 2685 1589 2737 iq.

924 2722 1239 2762 1362,11.ἰιρε’σκειι
1258 2734 1316 2756 τοις
1341 2726 1396 2753 τῶν
1414 2724 1509 2755 ἄλλων
1528 2728 1589 2767 τρό-

923 2776 984 2799 ποις
1022 2764 1047 2794 ἕν
1075 2776 1105 2794 τι
1136 2768 1192 2794 τῶν
1229 2765 1379 2796 ἀδυνάτων.
1408 2769 1503 2804 1406,
1533 2771 1587 2800 ult.

922 2807 1085 2838 οὐδέπω-ιε’
1072 2818 1153 2845 εγνων
1167 2807 1244 2837 ἕνεκα
1258 2819 1307 2837 του
1323 2812 1505 2863 παραχρῆμα
1525 2812 1588 2852 ἀρέ-

922 2861 973 2879 σοιι
989 2849 1079 2887 λέγειν
1103 2861 1134 2879 τι
1156 2860 1223 2890 προς
1242 2851 1350 2903 vlam-¹
1351 2851 1375 2888 δ’,
1379 2864 1408 2882 τι
1427 2853 1459 2882 ἂν
1480 2855 1522 2892 μὴ
1539 2856 1589 2885 και

921 2895 1004 2932 μετὰ
1019 2894 1118 2922 ταῦτα
1133 2891 1263 2924 συνοίσ-ειν
1286 2905 1419 2935 ηγουμοιι.
1444 2898 1538 2932 1438,
1556 2900 1587 2928 6.

923 2936 1011 2965 πᾶσ-ιν
1031 2934 1154 2974 ἀρέσκειν
1173 2948 1218 2967 τον
1234 2935 1462 2977 συμςουλεύοντοι
1481 2939 1530 2969 καὶ
1547 2942 1586 2970 τοὶ
