1822 3187
574 167 1062 212 DEMOSTHENEAE.

136 276 218 312 θηιιε,
245 274 479 327 παρακαταθηκην
504 274 687 330 ἐπονομάζων.
716 276 790 309 840,

137 324 189 350 11.
211 318 328 354 ἐντιθεὶς
351 317 405 357 ἐμὲ
431 318 469 352 εἷς
490 321 530 348 τὰ
549 318 654 347 τούτων
674 315 789 354 γόνατα.

136 365 211 397 840,
232 365 282 393 19.
304 360 468 392 ἐντίθεσθαι
481 361 519 395 εἷς
532 362 624 391 πλοῖον
636 370 788 400 χρηματα.

140 404 267 435 Waaren
295 416 335 435 an
360 403 439 433 Bord
467 403 587 442 bringeri
615 402 713 436 cassen,
739 402 790 431 das

137 446 234 488 Schiff
248 446 414 489 befrachten
437 446 526 476 lassen
548 445 592 484 [to
613 443 684 473 have
702 445 791 484 goods

134 489 262 530 shipped‚
277 497 306 521 to
319 491 389 520 have
399 488 444 518 the
456 487 517 526 ship
519 486 698 527 freightedJ.
715 489 788 521 885,

138 535 189 563 16
221 535 295 569 968,
316 536 347 563 4.
378 529 522 569 ἐνθεμένης
543 529 581 562 εἷς
606 528 652 558 τόν
677 529 788 560 κολπον.

137 576 197 605 sibi
219 585 273 605 sua
291 585 376 605 manu
402 572 555 611 ingerente
577 571 608 601 in
634 572 742 607 sinum,
759 577 790 602 et

136 618 178 648 ibi
194 618 404 648 abscondente
422 616 516 650 1156,
532 616 585 644 26.

93 659 226 712 ἔντἰμᾷν]
246 659 337 697 τούτῳ
355 658 380 688 ἐν
399 668 464 690 ταις
477 657 690 696 τεσσαςάιιοντα
704 659 791 697 μναῖς

134 702 282 743 ΞΥΕΤΙμΞΤΟ
295 702 336 730 ’Τὰ
348 698 453 748 χρυΐία
473 699 520 728 καί
544 711 584 729 Τᾷ
605 699 712 738 Ιμάτία
736 702 790 729 ’Τῶν

132 744 242 786 χιλίων.
257 743 306 773 cui
320 746 373 774 40.
395 753 483 772 mmae
498 742 528 771 in
543 743 644 771 dotem
661 744 789 781 promis-

134 797 177 817 sae
196 787 333 822 fuissent,
347 789 400 817 30.
424 785 454 814 in
472 784 568 814 numis
583 786 788 823 praesentibus

131 829 310 868 accepisset,
337 829 441 859 decem
475 828 602 866 reliquae
630 832 730 858 autem
758 828 789 857 in

129 876 245 901 vestem
271 877 302 901 et
326 871 468 901 mundum
494 871 670 900 muliebrem
687 876 789 901 essent

129 913 295 953 imputatae.
312 916 408 949 1036,
424 915 475 944 12.

87 955 212 997 ἔντιμος]
235 955 361 990 ἐπιεικῶς
382 956 492 996 ἔντιμον
512 955 664 987 κατέλιπον
683 955 729 986 τὶν
743 957 788 987 σῖ-

128 1009 184 1028 τον.
211 1001 243 1029 in
273 999 402 1030 ziernlich
430 998 521 1029 hohen
553 999 653 1029 Preise
689 998 737 1039 [at
770 1011 789 1029 a

127 1039 306 1082 szqfficivently
319 1041 387 1082 high
404 1042 510 1082 price}
528 1044 623 1078 1285,
638 1045 688 1073 18.

85 1083 173 1126 ἐντὸς]
197 1085 225 1114 οὗ
239 1085 336 1125 μέντοι
350 1084 421 1119 ἐντὸς
433 1085 466 1115 ὧν
480 1085 576 1114 εἰπεῖν.
589 1085 648 1114 ista
661 1084 789 1119 dixisse,

128 1137 195 1156 cum
212 1138 315 1158 secum
331 1139 389 1158 non
407 1131 501 1162 esset,
521 1128 550 1157 h.
566 1138 591 1157 e.
614 1133 714 1158 mente
737 1138 789 1167 pe-

127 1170 297 1209 regrinante
314 1172 398 1201 velut
412 1176 501 1200 extra
520 1180 643 1209 corpus,
666 1176 696 1200 et
721 1170 788 1200 aliis

128 1213 159 1242 in
174 1214 276 1248 rebus,
290 1224 349 1243 non
364 1214 393 1243 in
406 1225 439 1243 re
456 1219 615 1253 praesente,
638 1217 788 1242 versante.

128 1257 202 1290 913,
220 1258 271 1285 18.
294 1266 349 1285 nos
373 1266 493 1295 quoque
509 1265 692 1294 usurpamus
708 1255 789 1285 nicht

126 1298 200 1327 wohl
213 1297 431 1338 derheimeseyn
448 1298 514 1338 [not
525 1303 553 1327 to
563 1299 595 1327 be
609 1296 786 1338 siffciently

126 1340 282 1380 reserved}
308 1351 363 1379 pro
391 1341 508 1380 nugari,
534 1341 633 1370 aliena
661 1341 787 1379 garrire,

124 1383 266 1413 delirare.
294 1386 368 1419 917,
401 1386 452 1414 18.
493 1382 566 1416 ἐντὸς
598 1382 788 1420 ἀνεψιότητος.

126 1426 201 1455 citra
221 1426 524 1464 consanguinitatem,
541 1426 594 1464 qni
613 1436 630 1455 a
650 1431 788 1465 peremto

126 1468 286 1507 propiores
297 1469 327 1498 in
335 1469 594 1508 consanguinitate
606 1474 684 1504 sunt,
699 1480 786 1507 quam

125 1512 308 1541 consobrini.
326 1514 421 1546 1068,
437 1513 492 1541 ult.
515 1510 588 1545 ἐντὸς
603 1514 657 1540 τῶν
678 1511 787 1552 μέτρων

125 1553 372 1594 ἐπικατατέμνειν.
395 1556 485 1584 einem
509 1555 543 1583 in
565 1554 640 1584 seine
663 1554 787 1584 Schucht

126 1596 266 1632 kmnmen,
279 1598 347 1627 oder
360 1597 503 1627 einhauen
520 1596 564 1636 [to
580 1607 654 1627 come
668 1599 739 1632 into,
755 1608 788 1626 or

124 1640 189 1680 dig,
202 1641 235 1669 in
251 1639 297 1669 the
321 1639 400 1680 shqs't
422 1639 458 1681 ef
479 1639 626 1680 another}
649 1649 786 1678 perrum-

125 1692 199 1720 pere
222 1682 252 1711 in
276 1682 405 1712 alienum
427 1683 599 1712 cuniculum
626 1682 657 1711 in
680 1683 786 1713 metal-

126 1724 273 1754 lifodinis.
284 1727 358 1761 977,
373 1727 402 1755 8.

81 1765 215 1807 ἐντςιζῆς]
233 1767 263 1796 in
273 1768 374 1806 aliqua
384 1778 416 1797 re
424 1778 480 1798 usu
489 1768 580 1808 longo
590 1767 785 1798 exercitatus.

124 1810 230 1850 ἀρχαῖς
241 1821 273 1839 τε
289 1810 336 1841 καὶ
351 1809 471 1849 νόμοισιν
482 1809 610 1851 ἐντςιζής.
630 1813 706 1846 418,
719 1814 770 1841 23.

79 1851 270 1893 ἐντυγχάνειν]
292 1852 323 1882 οὗ
344 1852 498 1889 μέλλοντες
515 1856 596 1893 μετὰ
617 1852 705 1882 ταῦθ’
720 1855 786 1892 ὑμῖν

123 1894 315 1934 ἐντεύξεσθαι.
329 1897 403 1931 363,
422 1900 449 1925 1.
471 1896 554 1929 αὐτὸς
579 1895 602 1925 δ’
618 1894 674 1936 ἰδία
689 1897 785 1926 πάντα

123 1936 169 1967 τὸν
187 1938 277 1979 χςόνον
291 1936 465 1979 ἐντυγχάνων
481 1939 610 1969 cosmam
635 1938 785 1969 ἐπαύσατο

122 1980 264 2020 Φιλίππῳ.
292 1982 492 2021 congrediens
525 1992 591 2011 cum
624 1982 784 2020 Philippo.

122 2025 198 2059 396,
214 2026 243 2053 8.
263 2022 384 2061 ἀφθόνως
401 2024 509 2058 τούτοις
529 2023 684 2065 ἐντύχωσι,
710 2025 782 2063 quid

124 2067 187 2096 est?
212 2068 305 2101 1424,
320 2070 372 2097 ΞὈ.

80 2107 276 2149 ἐξαγγέλλειν]
299 2119 354 2147 per
369 2110 501 2144 nuntios,
519 2110 566 2139 vel
593 2109 696 2140 literas
713 2120 782 2148 pro-

122 2153 208 2187 dere,
224 2152 404 2190 significare.
421 2152 474 2182 εἰσὶ
489 2154 553 2191 γὰρ,
567 2152 633 2183 εἰσὶν
654 2153 675 2182 οἱ
699 2151 785 2182 πάντ’

123 2194 202 2232 αὐτῷ
226 2193 442 2232 ἐξαγγέλλοντες
464 2194 538 2235 εἴας’
563 2196 650 2235 ἡμῶν,
674 2194 784 2230 πλείους

123 2238 172 2266 τοῦ
184 2235 296 2270 δέοντος.
311 2240 363 2272 45,
377 2239 408 2267 3.

80 2279 204 2319 ἐξάγειν]
224 2279 286 2310 οὔτε
305 2281 358 2319 γὰρ
373 2279 486 2318 ἐξήγετο
502 2282 556 2309 τῶν
571 2278 603 2309 ἐκ
624 2281 674 2314 τῆς
691 2281 785 2321 χώρας

122 2321 287 2361 γιγνομένων
301 2322 380 2352 οὐδέν.
398 2325 471 2359 276,
488 2324 518 2353 5.
542 2321 638 2352 ἐνθένδε
653 2321 785 2362 ἐξήγαγον

122 2363 224 2399 abthin,-
244 2365 373 2399 ἄκοντας.
398 2366 468 2395 hinc
493 2366 548 2406 (ex
575 2366 675 2405 Urbe)
698 2367 783 2405 coegi

123 2418 176 2437 eos
204 2418 382 2447 quamquam
416 2409 528 2438 invitos
564 2409 726 2447 proticisci,
755 2414 785 2438 et

124 2451 209 2480 velut
224 2452 343 2490 expuli,
360 2452 408 2482 vel
424 2451 557 2481 extraxi.
574 2454 648 2487 389,
665 2454 716 2482 23.
745 2453 784 2481 de

124 2503 215 2523 scena
236 2494 387 2524 deducere
414 2494 597 2530 saltatorem,
625 2495 675 2523 vel
690 2495 784 2534 magi-

125 2539 218 2565 strum
239 2537 332 2566 chori.
357 2539 432 2573 533,
451 2547 520 2576 pen.
537 2539 612 2572 534,
627 2539 658 2567 3.
680 2535 785 2576 ἐξαγα-

125 2578 178 2613 γὼν
199 2577 230 2607 ἐκ
255 2580 304 2613 τῆς
333 2580 418 2614 οἰκίας
439 2579 625 2619 τάνδράποδα.
641 2582 716 2614 845,
732 2583 783 2610 17.

125 2617 260 2657 ἐξάγειν’
250 2631 280 2649 εκ
309 2623 369 2658 γῆς.
395 2623 523 2672 aliquem
551 2633 568 2652 e
596 2623 723 2662 praedio,
753 2624 782 2653 in

127 2662 208 2699 quod
221 2663 302 2692 velut
318 2675 404 2694 suum
420 2665 590 2704 immigrare
616 2666 693 2700 vult,
711 2666 783 2695 edu-

127 2713 195 2733 cere
220 2709 250 2733 et
273 2706 304 2734 vi
329 2717 395 2737 eum
419 2718 437 2737 a
459 2708 654 2746 possessione
669 2718 783 2739 arcere.

129 2747 202 2781 865,
217 2748 247 2776 6.
269 2750 389 2783 887,1.
411 2749 526 2795 ἐξῆγεν’
517 2752 604 2789 ημᾶς,
619 2761 650 2780 er
666 2750 715 2780 hat
731 2762 785 2780 uus

127 2788 233 2818 hiuaus
250 2791 384 2829 gewiesen
401 2779 449 2831 [ne
462 2792 512 2822 has
526 2794 632 2834 ejected
648 2804 683 2822 us
703 2793 783 2831 from

127 2830 179 2870 it]‚
195 2831 311 2869 φάσκων
326 2833 410 2862 αυτοῦ
433 2833 511 2869 εἶναι,
533 2836 616 2864 aiens
640 2835 692 2864 illa
707 2838 783 2865 bona

126 2884 179 2904 sua
195 2884 274 2903 esse.
288 2877 383 2911 1090,
399 2878 429 2906 9.
452 2875 625 2917 ἐξαγομένων
639 2881 692 2907 τῶν
714 2878 783 2908 παί

126 2916 176 2945 &m
189 2914 428 2956 έπιλαμξάνεται.
443 2919 542 2956 ιιῃιοιῐ
549 2930 667 2949 manum
680 2921 783 2959 pueris

127 2959 256 2989 Athenis
273 2960 332 2990 alio
345 2961 420 2991 clam
434 2967 464 2991 et
480 2962 580 2992 furtim
594 2963 782 3001 ablegandis.

1453 169 1530 211 115

867 272 1010 309 895,10.
1026 274 1100 309 896,
1120 275 1170 304 29.
1189 274 1279 306 ἀτελῆ
1299 273 1344 305 τᾶν
1367 277 1445 306 σῖτον
1460 274 1526 314 ἐξά-

865 325 932 353 γειν.
948 317 1022 352 917,
1037 318 1088 346 26.
1110 317 1246 346 ἀπειπὼν
1259 318 1306 346 καὶ
1317 318 1449 354 κωλύσας
1463 330 1526 352 τους

865 356 1000 392 ὄνηλάτας
1014 360 1056 398 μὴ
1070 357 1176 397 ἐξάγειν
1188 360 1236 389 τὴν
1247 357 1310 389 ὕλην
1324 359 1355 389 ἐκ
1368 363 1419 395 τῆς
1433 359 1528 413 ἐσχα·

866 402 942 434 τιΞς.
969 403 1064 436 1040,
1084 412 1153 440 pen.
1177 404 1273 437 1041,
1299 404 1350 432 17.
1374 401 1478 442 ἐξάγειν
1493 416 1527 433 το

867 442 934 493 υδωρ
948 444 1034 474 πάλιν
1047 444 1085 478 εἷς
1100 456 1148 475 την
1159 443 1336 481 §Scir-1276,
1359 447 1457 475 13.οῑ
1475 449 1526 477 17.

865 484 1011 525 ἐξαγαγὼν
1036 485 1088 525 ἔξω
1115 488 1164 518 τήν
1191 487 1342 526 αἱμασιάν.
1370 497 1418 523 eo,
1446 490 1527 527 quod

867 529 1027 559 maceriam
1043 530 1182 565 ulterius,
1197 540 1284 568 quarn
1295 530 1365 559 olim
1375 530 1483 565 fuerat,
1495 532 1525 561 in

866 571 948 601 viam
965 572 1117 611 publicam
1130 572 1284 611 produxit.
1301 574 1395 607 1278,
1410 574 1442 602 3.
1470 574 1526 603 hoc

867 614 1036 652 significatu
1050 615 1130 645 dixit
1144 615 1340 654 Thucydides
1356 625 1386 653 p.
1403 617 1456 650 61,
1473 618 1526 647 88.

866 655 969 696 μείζων
991 670 1003 687 ο
1026 656 1165 697 πεςίςολος
1191 659 1330 700 πανταχῆ
1351 657 1455 698 ἐξήχθη
1476 660 1526 692 τῆς

866 698 984 734 πόλεως.
1008 699 1190 750 ἐξάγεσθαι,.
1190 703 1227 730 ab
1239 701 1365 740 impetn,
1376 711 1429 730 seu
1444 711 1526 731 men-

867 741 917 776 tis,
934 752 988 771 seu
999 743 1156 778 orationis,
1166 743 1234 773 sive
1243 754 1318 779 suae,
1330 744 1376 773 siv
1381 754 1397 773 e
1409 744 1528 777 alienae,

867 784 980 821 efferri,
1009 790 1095 816 extra
1126 796 1159 815 se
1186 786 1261 827 rapi,
1287 787 1325 816 ad
1347 786 1526 822 inconsulte,

866 837 1010 867 suamque
1034 827 1065 857 in
1089 829 1237 864 fraudem,
1261 839 1314 858 sen
1331 829 1526 869 loquendum,

865 880 918 900 seu
936 871 1084 910 agendum
1100 872 1226 911 impelli.
1245 870 1293 900 καὶ
1308 873 1362 912 γὰρ
1378 872 1403 901 εἴ
1419 884 1449 901 τι
1461 884 1527 901 σιω-

865 913 930 942 ωίίν
942 913 1071 951 ἐγνώκειν,
1086 915 1127 943 νῦν
1140 913 1228 952 λέγειν
1241 913 1393 953 ἐξάγομαι.
1408 917 1483 950 411,
1497 917 1527 945 9.

865 968 885 984 α
899 967 943 990 τις
958 956 1047 996 ἄφνω,
1065 956 1109 987 τὸν
1124 956 1262 996 λογισμὸν
1274 956 1406 996 φθάσας,
1418 956 1530 998 ἐξαχθη

864 999 1009 1038 πράττειν.
1023 1002 1097 1035 527,
1121 1003 1172 1030 16.
1195 999 1385 1040 ἀνασχόμενον
1398 1000 1464 1030 τότε
1480 1012 1527 1029 και

862 1040 950 1079 μηδὲν
964 1042 1109 1072 ιἰνηκεστον
1133 1042 1291 1084 ἐξαχθέντα
1313 1042 1429 1082 πρᾶξαι.
1453 1045 1528 1079 538,

864 1086 917 1114 22.
934 1087 1028 1119 1458,
1042 1087 1093 1116 13.

820 1124 984 1167 ἐξάγιστος]
1007 1129 1072 1162 τοὺς
1098 1126 1127 1157 δὲ
1149 1127 1354 1168 ωονηξοτάτους
1380 1128 1428 1157 καῖ
1461 1127 1528 1168 ἐξα-

862 1169 976 1207 γίστους
990 1169 1216 1210 ὀνομαζομένους.
1231 1171 1449 1207 exsecrabiles,
1461 1172 1527 1210 pia-

863 1213 994 1242 culares.
1008 1215 1084 1248 798,
1101 1215 1131 1242 6.

820 1253 962 1295 ἐξαγωγὴ]
987 1257 1035 1285 τῆν
1049 1256 1170 1294 ἀδελφὴν
1184 1254 1230 1285 ἐπ’
1245 1254 1375 1296 ἐξαγωγῇ
1385 1255 1524 1296 πέπξακε.

863 1307 898 1326 ea
914 1297 1096 1333 conditione,
1110 1303 1143 1328 ut
1160 1309 1198 1327 ex
1217 1299 1291 1328 urbe
1307 1298 1366 1327 alio
1383 1304 1527 1338 exporta-

863 1345 957 1375 retur,
974 1350 1071 1379 neque
1086 1351 1192 1371 rursus
1211 1341 1286 1370 illuc
1302 1341 1425 1370 rediret.
1450 1344 1525 1378 763,

865 1384 915 1412 13.
929 1384 1003 1418 787,
1016 1386 1046 1413 8.
1069 1382 1210 1422 ἐξαγωγὴν
1224 1385 1272 1413 τοῦ
1288 1381 1381 1419 σίτου,
1406 1385 1523 1414 veniam

864 1426 1042 1456 frumentum
1060 1437 1077 1456 e
1093 1431 1181 1466 portu
1195 1427 1388 1465 exportandi,
1401 1426 1524 1457 καῖάτέ·

861 1474 946 1504 λειαν,
962 1470 1126 1508 etquidem
1144 1479 1212 1498 cum
1233 1469 1413 1499 remissione
1431 1471 1524 1500 vecti-

861 1511 938 1548 galis
954 1512 1072 1548 statuti,
1088 1512 1187 1544 ἔλαβεν
1206 1511 1254 1541 ἐπὶ
1279 1512 1321 1551 τῷ
1341 1514 1391 1545 τῆς
1409 1513 1524 1544 «πόλεως

861 1553 990 1590 ὀνόματι,
1007 1565 1044 1584 eo
1065 1561 1230 1594 praetextu,
1254 1554 1394 1593 quoniam
1413 1565 1477 1593 prae
1493 1567 1525 1585 se

860 1597 963 1632 ferret,
980 1597 1010 1626 id
1026 1598 1207 1627 frumentum
1230 1607 1248 1626 a
1263 1608 1296 1627 se
1308 1597 1441 1627 Athenas
1457 1609 1525 1637 per-

862 1645 980 1669 vectum
994 1639 1040 1669 iri.
1055 1642 1129 1676 917,
1141 1643 1192 1671 27.
1217 1638 1362 1678 ἐξαγωγῆς
1371 1640 1524 1679 γενομένης.

861 1692 930 1711 cum
955 1692 1011 1711 nos
1041 1683 1080 1712 de
1108 1683 1305 1721 possessione
1332 1683 1524 1719 hereditatis,

861 1735 948 1764 quain
987 1724 1172 1762 adieramus,
1209 1725 1335 1755 deducti
1374 1736 1521 1757 essemus.

862 1770 957 1804 1090,
973 1770 1024 1798 23.

817 1808 943 1861 ἐξαιρεῖν]
956 1810 1112 1849 excipere,
1122 1821 1300 1850 excerpere,
1311 1810 1381 1840 item
1393 1810 1522 1850 eripere.

859 1850 985 1891 ἐξεῖλεν
975 1855 1052 1893 υμῶν
1065 1866 1105 1883 τα
1119 1851 1220 1894 χωρία.
1237 1854 1360 1893 eripuit.
1381 1855 1454 1887 658,
1469 1855 1523 1884 ult.

860 1895 964 1935 ἐξειλες
975 1896 1008 1926 τὸ
1019 1894 1107 1935 μέσον
1115 1896 1228 1925 τούτων.
1241 1896 1416 1935 praeteristi,
1425 1901 1522 1926 trans-

858 1939 980 1974 misisti,
996 1939 1159 1978 excepisti.
1176 1941 1250 1975 631,
1263 1941 1316 1970 24.
1338 1939 1445 1973 τούτοις
1463 1938 1522 1978 ἐξε-

860 1980 958 2016 λόντας
972 1983 1025 2015 τὰς
1040 1980 1220 2022 ἇντιμοιρίας.
1235 1992 1374 2021 separare
1391 1992 1407 2011 a
1423 1993 1522 2012 massa

860 2025 1037 2054 hereditatis
1047 2031 1150 2064 partes
1162 2025 1292 2063 aequales
1301 2024 1369 2054 aliis
1384 2025 1521 2062 partibus

859 2068 929 2097 inde
940 2069 1003 2105 jam
1020 2068 1146 2097 avulsis.
1166 2069 1240 2102 946,
1255 2078 1324 2106 pen.
1349 2066 1521 2106 ἐξειλόμεθα

859 2111 931 2149 κοινῇ
941 2111 989 2141 τὴν
1003 2109 1085 2140 οἰκίαν
1099 2110 1136 2144 εἷς
1151 2109 1258 2139 ἔκτισιν
1272 2111 1322 2144 τῆς
1337 2110 1452 2150 προικός.
1468 2121 1521 2139 ex-

858 2153 995 2192 cepimus
1012 2158 1043 2182 et
1064 2153 1190 2182 seorsim
1211 2153 1369 2191 posuimus
1385 2153 1520 2188 domum,

859 2206 876 2225 a
888 2196 1003 2235 reliqua
1012 2196 1221 2225 herciscundae
1234 2195 1411 2225 hereditatis
1421 2206 1520 2225 massa

860 2244 1040 2278 separatam.
1056 2240 1150 2274 1025,
1164 2242 1192 2267 1.
1216 2237 1439 2276 ἐπεσκοποῦμεν,
1455 2239 1519 2268 εἴτι

860 2280 1026 2321 ἐξαιρῶνται
1044 2281 1131 2311 ποθὲν
1146 2280 1177 2310 ἐκ
1191 2283 1241 2311 τοῦ
1257 2279 1362 2310 πλοίου.
1379 2283 1452 2316 932,
1469 2284 1520 2311 26.

860 2323 970 2354 ἐπειδὰν
982 2325 1120 2364 τάχιστα
1132 2322 1261 2364 ἐξαιρεθῇ
1270 2325 1310 2352 τὰ
1318 2323 1471 2363 χρήματα.
1487 2329 1520 2352 ut

861 2367 987 2405 primum
1004 2376 1121 2395 merces
1137 2377 1154 2395 e
1169 2366 1239 2395 navi
1254 2372 1395 2400 exemlae,
1410 2376 1519 2395 exone-

859 2414 931 2438 ratae
941 2413 1050 2438 essent.
1065 2411 1136 2443 909,
1155 2411 1205 2438 17.
1221 2406 1373 2446 ἐξελόμενοι
1389 2408 1465 2437 δ”ωου
1475 2410 1518 2446 μὴ

858 2453 947 2481 σῦλαι
960 2449 1187 2485 οἶσινἈΘηναίοις.
1200 2451 1328 2480 navibus
1338 2451 1522 2487 exoneratis,

860 2495 1013 2524 mercibus
1035 2495 1065 2523 in
1082 2495 1253 2524 continente
1268 2494 1429 2532 expositis.
1446 2496 1520 2529 927,

860 2543 892 2568 4.
916 2536 1090 2578 ἐξαιςεῖσθαι
1112 2535 1158 2567 τὸν
1182 2538 1269 2566 σῖτον.
1295 2537 1476 2566 frumentum
1502 2547 1519 2566 e

860 2581 990 2610 navibus
1003 2590 1212 2631 expromere.
1245 2582 1338 2614 1211,
1366 2588 1435 2617 pen.
1474 2578 1521 2608 τὸν

859 2624 945 2662 γόμον
958 2622 1048 2653 ἐκεισε
1063 2622 1228 2662 ἐξελόμενος.
1247 2623 1407 2656 1283,21.
1425 2623 1521 2657 1286,

862 2672 891 2695 1.
919 2666 956 2699 εἷς
978 2664 1134 2705 ἐλευθερίαν
1156 2664 1233 2704 ἐξελέ
1235 2663 1308 2693 cea.
1335 2663 1445 2697 πάντας
1474 2666 1521 2693 ἇν-

860 2707 979 2748 θρωπους
1009 2708 1091 2738 δεινοί.
1115 2708 1282 2737 vindicare.
1304 2708 1377 2741 135,
1400 2710 1430 2737 8.
1452 2704 1520 2745 ἐξεί-

860 2758 926 2781 λετο
937 2752 1023 2791 αμμε
1039 2750 1070 2779 ἐκ
1081 2752 1135 2779 τῶν
1148 2750 1284 2789 μεγάλων
1297 2749 1427 2779 κινδύνων.
1444 2751 1517 2785 256,

861 2797 891 2823 2.
914 2793 947 2823 τὸ
961 2796 1057 2831 γνῶναι
1072 2804 1118 2822 και
1135 2792 1289 2831 δοκιμάσαι
1310 2790 1343 2820 τὸ
1365 2791 1522 2824 βέλτιστον

859 2836 969 2870 ουδεις“
957 2847 988 2865 αν
1003 2837 1079 2875 ὑμῶν
1093 2834 1255 2873 ἐξελέσθαι,
1274 2834 1403 2874 eripere,
1419 2833 1521 2864 δύναιτ’

860 2879 901 2908 ἄν.
917 2882 990 2914 711,
1007 2878 1062 2907 ult.
1138 2873 1148 2883 ⁴

817 2919 967 2960 ἐξαίρετος]
991 2919 1044 2950 οὐδ’
1068 2919 1145 2951 ἔστιν
1173 2918 1306 2960 ἐξαίρετος
1329 2921 1384 2959 drea
1411 2931 1468 2955 τις,
1497 2932 1523 2948 κν

860 2963 1006 2993 διαλείπει.
1022 2966 1094 3000 124,
1107 2967 1138 2995 4.
1159 2962 1184 2994 ἐν
1203 2963 1299 2994 άπασι
1315 2966 1375 2997 τοῖς
1395 2963 1423 2992 δε
1413 2964 1523 3002 ξάμασι
