1822 3187
568 136 631 177 IN
665 135 1155 178 DEMOSTHENEM.

186 242 348 283 pecuniam
369 242 451 273 illam
477 242 582 272 maluit
595 243 633 272 ad
651 243 780 271 salutem
798 252 851 282 pa-

189 286 257 316 triae
274 287 415 315 tuendam
432 286 580 314 conferre.
594 287 669 320 329,
684 287 735 314 12.

144 329 321 364 Aristonoe,
345 329 520 358 Philostrati
533 328 604 363 lilia,
615 328 747 368 Callippi
761 337 849 361 uxor,

187 372 346 411 Pliaeuippi
364 377 470 400 mater.
496 373 589 405 1047,
607 373 636 400 6.

143 414 307 445 Aristonus
328 415 532 444 DekellensIS.
548 415 642 448 1236,
660 415 710 442 14.

144 458 312 496 Aristopho
329 457 521 491 Azeniensis,
537 460 709 485 numeratur
729 455 759 483 in
776 465 846 484 cau-

188 501 270 530 dicis
285 506 346 529 tum
361 499 590 538 potentissimis.
605 500 679 533 501,
693 500 742 527 24.
761 497 846 537 [Ari-

183 543 309 573 stoteles
327 542 481 572 Rhetoric.
510 545 539 576 2,
566 542 616 571 23.
656 541 752 570 rixam
779 542 845 579 ejus

185 596 254 616 cum
271 586 425 623 Iphicrate
447 583 565 624 rerem]
610 584 747 622 Leptinae
769 594 845 621 prae-

184 634 232 658 sto
258 629 325 663 fuit,
344 628 549 666 patrocinatus
565 627 624 664 legi
642 627 681 655 de
699 626 844 661 abolenda

182 670 383 706 immunitate,
409 670 546 708 quamvis
564 669 630 708 ipse
655 669 843 699 immunitate

182 714 293 744 fuisset
318 718 450 743 ornatus.
480 712 556 741 ibid.
581 712 724 741 nonnulla
749 713 844 741 suasit

181 767 298 792 eorum,
313 767 379 795 quae
395 755 502 784 civitas
524 755 596 784 Ath.
614 754 709 784 invita
725 755 842 793 Philip-

179 809 221 838 po
247 799 410 829 concessit.
428 800 503 833 248,
527 801 557 828 8.
586 799 652 834 ejus
671 798 788 836 rogatio
804 798 842 827 de

179 842 291 880 legatis
306 842 342 870 ad
369 841 544 880 Philippum
564 841 683 869 navium
702 845 841 878 repeten-

176 885 282 914 darum
314 894 405 914 causa
433 883 599 913 mittendis.
629 884 702 918 250,
735 885 765 917 4,
795 894 840 922 sq.

178 928 298 957 studuit
324 927 484 956 Thebanos
514 927 542 956 in
570 926 746 955 societatem
770 926 841 955 belli

178 971 325 1000 adversus
350 970 529 1008 Philippum
556 969 741 1008 pertrahere.
767 971 839 1004 281,

180 1016 230 1044 18.
255 1014 313 1043 suit
328 1013 428 1042 clarus
443 1018 555 1041 orator.
571 1014 624 1046 97,
640 1016 690 1042 14.
703 1015 777 1047 301,
790 1015 839 1042 18.

176 1059 252 1091 436,
276 1059 326 1087 13.
351 1057 509 1084 accusavit
534 1055 737 1084 Philonicum.
764 1057 838 1090 434,

177 1102 229 1128 21.
252 1099 437 1138 rogationem
451 1098 521 1127 tulit
536 1099 574 1128 de
587 1098 725 1136 legendis
740 1098 839 1136 inqui-

176 1142 323 1171 sitoribus
339 1142 535 1180 pecuniarum
560 1146 589 1169 et
619 1141 764 1169 bonorum
783 1151 836 1179 pu-

176 1185 323 1214 blicorum
340 1196 356 1213 e
371 1185 445 1213 fanis
458 1189 488 1212 et
502 1183 607 1212 aerario
620 1189 838 1222 surreptorum.

174 1229 250 1262 703,
274 1231 325 1256 10.
349 1228 427 1256 diem
454 1227 497 1256 rei
524 1227 664 1264 capitalis
684 1227 763 1256 dixit
788 1227 838 1263 iis,

175 1270 241 1308 qui,
264 1270 419 1299 elocandis
443 1269 693 1298 trierarchatibus
717 1270 790 1304 suis,
806 1269 835 1298 in

174 1323 266 1342 causa
292 1314 432 1347 fuissent,
453 1319 484 1340 ut
511 1323 558 1340 res
584 1312 700 1340 navalis
724 1312 835 1341 Athen.

172 1355 323 1385 deteriore
350 1356 418 1384 loco
439 1360 531 1388 esset,
558 1360 647 1392 atque
664 1355 773 1383 classis
799 1356 835 1384 al)

170 1398 358 1433 Alexandro,
378 1397 510 1436 Philippi
534 1396 728 1436 imperatore,
752 1408 835 1436 prce-

171 1440 214 1471 lio
244 1441 341 1471 navali
374 1441 554 1470 vinceretur.
585 1442 678 1473 1230,
710 1442 755 1474 15,
788 1452 833 1479 sq.

172 1487 267 1519 1232,
278 1487 330 1514 24.
352 1483 402 1512 lex
417 1485 483 1521 ejus
500 1484 538 1512 de
555 1488 723 1512 mercatura
737 1485 834 1512 soren-

174 1527 200 1555 si
218 1528 387 1556 exercenda
403 1527 515 1564 populo
529 1526 690 1554 admodum
708 1526 832 1564 placuit.

172 1572 268 1605 1308,
291 1573 341 1600 12.
366 1569 482 1606 rogatio
511 1570 576 1607 ejus
605 1569 644 1598 de
674 1568 772 1598 classe
802 1570 831 1598 in

171 1612 303 1642 Pontum
333 1612 490 1645 mittenda,
513 1622 580 1650 quae
610 1612 832 1641 Proconnesios

168 1655 316 1685 adversus
337 1655 507 1693 Cyzicenos
523 1660 670 1688 tueretur,
686 1655 831 1694 Miltncy-

167 1698 216 1727 dae
231 1699 379 1728 adversus
396 1699 494 1736 Cotyn
519 1701 721 1731 succurreret,
739 1699 832 1728 Cher·

167 1741 330 1771 rhonesum
355 1746 562 1779 recuperaret,
589 1745 743 1769 vecturam
769 1741 830 1770 fru-

168 1785 260 1814 menti
278 1795 294 1814 e
312 1786 411 1814 Ponto
437 1793 574 1812 securam
599 1783 752 1817 redderet,
779 1794 831 1812 eo-

167 1838 225 1866 qne
238 1828 382 1861 efficeret,
393 1833 425 1855 ut
440 1827 622 1855 frumentum
641 1826 767 1854 Athenis
784 1827 830 1855 vi-

166 1870 252 1899 lioris
265 1870 392 1899 veniret.
408 1871 502 1903 1208,
513 1873 542 1899 8.
565 1869 695 1898 redditis
708 1870 830 1898 coronis

165 1913 387 1942 accusationem
413 1912 570 1951 peculatus
596 1912 730 1940 sustulit.
754 1914 828 1948 584,

119 1998 289 2038 Aristopho
302 1997 490 2037 Colyttensis
511 2002 693 2026 memoratur
708 2007 740 2036 p.
756 1999 829 2032 ⁶250,

169 2043 220 2071 18.
243 2052 347 2070 verum
371 2046 418 2070 est
433 2041 512 2070 idem
531 2050 654 2079 prorsus
671 2051 736 2069 cum
750 2041 828 2069 Aze-

165 2084 281 2114 niense.
307 2086 504 2122 Quapropter
519 2088 569 2111 aut
582 2093 688 2112 nomen
703 2083 826 2121 aliquod

164 2127 208 2156 ibi
230 2126 288 2156 loci
305 2128 403 2159 deest,
418 2131 469 2154 aut
485 2136 545 2154 vox
562 2126 750 2164 Colyttensis
762 2137 828 2154 cnr-

163 2175 254 2208 rupta
270 2174 326 2199 est.
372 2169 436 2198 Hic
453 2168 530 2197 enim
544 2168 662 2204 demus,
686 2168 828 2206 Colyttus

164 2214 203 2242 ad
219 2213 330 2241 tribum
348 2211 642 2250 Hippothoontidem
669 2212 710 2241 nil
734 2212 827 2249 perti-

164 2261 225 2291 net,
242 2255 296 2285 sed
313 2255 350 2284 ad
364 2254 550 2284 AEantidem.

121 2298 308 2337 Aristophon
331 2297 395 2332 ille,
419 2298 506 2334 cujus
530 2296 639 2326 mentio
655 2296 688 2326 fit
702 2307 733 2335 p.
752 2299 827 2333 584,

166 2343 219 2371 14.
241 2341 280 2370 de
296 2350 356 2379 quo
369 2339 500 2369 conferri
516 2339 604 2368 velim
623 2340 757 2375 Scholia,
771 2351 825 2369 cu-

157 2386 211 2423 jus
229 2384 282 2419 sit,
298 2383 414 2412 nescio.
458 2382 545 2411 Idem
563 2387 646 2411 certe
661 2393 728 2411 cum
749 2385 824 2412 Aze-

161 2427 265 2456 niense
279 2436 337 2454 non
361 2430 417 2455 est.
460 2425 592 2454 Videtur
618 2425 721 2464 potius
743 2425 825 2455 idem

160 2479 230 2499 esse
247 2479 318 2498 curn

118 2511 334 2551 Aristophonte
357 2510 556 2550 sycophanta,
582 2510 702 2548 quicum
726 2510 824 2540 Zeno-

160 2554 269 2583 themis
283 2554 416 2588 collusit,
431 2558 464 2582 et
482 2554 569 2591 cujus
586 2553 719 2583 versutia
732 2560 824 2592 atque

160 2597 288 2635 perfidia
302 2602 456 2625 enarratur
471 2607 503 2635 p.
517 2597 591 2630 885,
607 2598 638 2627 9.
662 2596 771 2626 Verum
785 2597 824 2625 de

160 2640 258 2669 tribus
272 2638 546 2676 Aristophontibus
563 2639 751 2668 enucleatius
761 2639 824 2668 dis-

158 2687 315 2721 putantem
337 2690 367 2710 v.
385 2681 600 2710 Ruhnkeninm
625 2681 745 2712 Histor.
764 2681 823 2711 cri-

159 2724 222 2754 tica
235 2729 345 2753 orator.
361 2723 459 2753 Graec.
471 2733 500 2761 p.
516 2727 589 2760 129,
605 2734 651 2763 sq.

115 2767 298 2797 Aristoteles
315 2765 514 2796 Pallenensis.
527 2768 622 2801 1083,
635 2769 686 2796 18.

113 2809 295 2844 Aristratns,
303 2809 402 2839 fautor
413 2808 547 2847 Philippi
559 2808 641 2846 apud
647 2809 821 2847 Sicyonem,

157 2856 328 2882 contemtus
343 2862 362 2880 a
383 2850 541 2889 Philippo,
563 2861 658 2889 opera
679 2854 746 2891 ejus
758 2853 821 2891 jam

158 2895 234 2925 satis
250 2905 317 2924 uso.
333 2896 407 2930 242,
424 2897 454 2924 2-
466 2895 542 2928 324,
562 2896 609 2925 13.

113 2937 284 2970 Aristratus
307 2937 388 2977 apud
411 2937 545 2973 Naxum,
577 2937 653 2967 sorte
676 2941 821 2976 tyrannus

1503 142 1585 183 299

926 241 982 275 ibi,
1000 243 1040 271 P.
1055 244 1092 272 A.
1109 243 1259 274 iuimicus.
1277 247 1418 282 294,”10.

885 283 1033 320 Arkesas‚
1049 285 1078 314 in
1102 287 1249 317 Genitivo
1268 289 1453 320 Arkesautos
1468 289 1545 331 (nisi
1561 291 1588 320 is

925 327 1027 366 potius
1043 328 1192 363 Art-esen,
1205 330 1391 362 Arkesontos
1407 333 1481 374 est),
1497 334 1587 363 Pam-

926 371 1061 399 botades.
1077 374 1169 401 1250.
1186 374 1236 401 19.

883 414 1060 448 Artabazus,
1077 414 1239 453 praefectus
1255 415 1361 454 Lydiae
1374 423 1404 447 et
1416 417 1521 453 loniae,
1535 417 1584 447 cui

925 456 1037 485 Chares
1056 467 1121 486 cum
1143 459 1336 487 mercenariis
1361 460 1585 490 Atheniensium

923 509 1046 536 operam
1063 505 1164 529 navat.
1183 502 1235 535 46,
1260 510 1329 537 pen.
1351 504 1584 541 comprehensus

923 542 960 570 ab
972 542 1212 581 Autophradata.
1225 545 1283 573 671
1293 566 1300 577 ‚
1316 546 1346 573 4.
1363 555 1465 574 rursus
1477 546 1584 575 dimis-

923 594 986 619 sus,
1002 591 1158 624 oppugnat
1173 586 1398 615 Charidemum.
1427 590 1501 621 671,
1533 591 1583 618 17.

921 628 1008 656 Conf.
1026 629 1155 657 Diodor.
1171 629 1234 658 Sic.
1258 635 1280 658 t.
1298 630 1341 659 11.
1354 640 1384 668 p.
1403 631 1455 660 98.
1470 632 1541 660 107.
1553 636 1585 660 et

922 672 994 700 122.

877 711 1051 748 Artemisia,
1062 713 1160 743 Cariae
1173 714 1302 749 domina,
1313 715 1495 744 Hecatomni
1515 715 1586 746 filia.

922 758 995 790 193,
1013 758 1064 786 15.
1089 758 1162 791 197,
1183 760 1233 787 1⁴2.
1251 761 1390 793 198,19.

876 796 1011 833 Artemo,
1028 799 1213 835 Pliaseliota,
1233 801 1346 830 Lacr-iti
1358 802 1460 830 frater.
1471 803 1542 836 924,
1553 804 1583 832 9.

875 840 1031 871 Arthmius
1062 842 1162 872 Zelita
1189 843 1312 872 infamia
1341 849 1472 879 notatur,
1501 845 1582 882 quod

917 893 1020 913 aurum
1039 885 1192 915 Medicum
1209 887 1240 915 in
1256 887 1404 917 Graeciam
1421 887 1586 917 intulisset.

917 926 1098 965 Psephisma
1133 928 1162 957 in
1194 940 1262 958 eum
1290 930 1394 960 latum.
1427 933 1499 965 121,
1530 933 1583 961 27.

917 971 991 1005 428,
1004 972 1035 1000 3.

873 1010 1034 1050 Arymbas,
1053 1023 1068 1042 a
1086 1013 1227 1053 Philippo
1244 1015 1326 1044 bello
1341 1015 1510 1054 appetitus.
1528 1018 1580 1052 13,

916 1058 945 1085 5.
969 1056 1113 1085 schottus
1127 1057 1155 1086 in
1171 1058 1242 1087 Vita
1257 1059 1415 1088 Demosth.
1440 1060 1579 1098 Neopto-

914 1098 986 1127 lemi
1004 1099 1108 1133 filium,
1138 1101 1340 1130 Molossorum
1357 1112 1458 1140 regem
1476 1102 1580 1140 appel-

913 1140 966 1175 lat,
984 1142 1142 1172 Toni-ellus
1158 1142 1273 1173 Alcetae
1289 1143 1394 1180 filium,
1411 1145 1579 1183 Neoptole-

914 1185 954 1213 mi
972 1184 1104 1214 Fratrem.

872 1225 980 1256 Astius
1003 1225 1166 1267 (Ἄτη-εἴας)
1189 1228 1311 1257 archon.
1339 1231 1434 1264 1357,
1465 1231 1494 1260 2.
1519 1239 1579 1268 quo

913 1274 1049 1308 ternpore
1091 1271 1312 1300 Lacedaemonii
1353 1272 1464 1301 bellum
1508 1282 1578 1302 cum

913 1313 1022 1341 Athen.
1046 1314 1201 1351 gerebant,
1226 1314 1313 1348 illud,
1340 1315 1368 1343 ni
1395 1315 1494 1350 fallor,
1517 1325 1576 1353 quo

911 1355 1057 1384 Chabrias
1085 1355 1183 1385 Pollin
1216 1358 1296 1394 apud
1327 1357 1449 1386 Naxum
1479 1357 1577 1387 classe

911 1397 1040 1426 devicit.
1062 1398 1133 1427 Fuit
1150 1399 1270 1428 Archon
1287 1404 1358 1438 post
1369 1400 1576 1436 Socratidem‚

911 1451 970 1478 quo
988 1446 1124 1480 tempore
1141 1441 1318 1471 Timotheus
1330 1453 1449 1472 causam
1463 1442 1576 1482 capitis

910 1483 991 1512 dixit
1015 1485 1053 1512 ob
1077 1495 1138 1513 rem
1164 1484 1312 1514 adversus
1329 1485 1576 1516 Lacedaemonios

909 1526 986 1554 male
1002 1531 1126 1565 gestam.
1145 1528 1238 1562 1190,
1256 1531 1307 1559 94.
1332 1531 1427 1562 1202,
1440 1530 1471 1558 5.

867 1568 1094 1598 Atheniensium
1115 1570 1305 1608 principatus
1321 1571 1447 1600 Graeciae
1461 1581 1478 1600 a
1489 1571 1571 1601 bello

909 1611 979 1640 inde
994 1612 1118 1642 Persico
1135 1613 1173 1642 ad
1188 1613 1492 1652 Peloponnesiacum,
1514 1615 1573 1643 dn·

909 1655 996 1683 cibus
1027 1655 1178 1691 Aristide,
1199 1656 1299 1691 Nicia,
1327 1657 1460 1692 Pericle,
1490 1657 1572 1692 aliis,

909 1698 1005 1726 tenuit
1020 1709 1114 1728 annos
1131 1699 1328 1738 quadraginta
1344 1700 1489 1738 quinque.
1516 1701 1570 1735 35,

909 1741 940 1770 5.
962 1740 1034 1770 alibi
1058 1741 1251 1780 septuaginta
1275 1742 1347 1772 edit.
1368 1743 1570 1772 Athenienses

907 1793 1005 1812 rerum
1017 1794 1160 1813 novarum
1169 1784 1324 1814 auditione
1335 1785 1571 1815 delectabantur.

907 1827 961 1859 43,
976 1828 1006 1855 6.

865 1867 1090 1905 Athenodorus,
1104 1869 1306 1904 Atheniensis,
1318 1870 1347 1899 in
1363 1870 1492 1899 Thracia
1504 1880 1574 1908 par-

906 1916 952 1941 tes
974 1911 1137 1941 liberorum
1157 1912 1310 1942 Beris-adis
1327 1914 1478 1942 tuebatur.
1495 1915 1570 1949 624,

905 1957 936 1984 5.
959 1965 1085 1992 quorum
1101 1956 1268 1984 avunculus
1279 1961 1353 1985 erat.
1386 1956 1462 1985 Nam
1476 1967 1571 1995 penes

907 1999 1083 2027 Berisadem
1112 1999 1141 2027 in
1177 1998 1366 2027 matrimonio
1397 2004 1461 2028 erat
1484 2010 1570 2028 soror

905 2040 1190 2070 Athenodori.ibid.
1209 2043 1239 2069 6.
1259 2042 1325 2079 ejus
1338 2051 1388 2071 res
1404 2052 1471 2071 cum
1489 2042 1569 2071 Cha-

906 2082 1021 2112 ridemo
1058 2087 1089 2112 et
1128 2083 1330 2123 Kersoblepta
1358 2090 1462 2123 gestae.
1492 2087 1567 2121 677,

907 2127 936 2155 9.
954 2136 998 2163 sq.

862 2167 1035 2197 Atrestidas
1049 2168 1156 2203 Arcas,
1172 2169 1361 2206 captivorum
1376 2179 1415 2199 ex
1432 2170 1568 2208 Olyntho

905 2221 1070 2244 numerum,
1087 2221 1104 2240 a
1125 2211 1270 2250 Philippo
1285 2213 1440 2246 donatum,
1466 2213 1498 2242 iu
1511 2213 1568 2243 Ar-

904 2254 1020 2283 cadiam
1035 2264 1136 2283 secum
1147 2264 1253 2293 agens,
1263 2255 1395 2285 occurrit
1415 2255 1566 2290 AEschini,

903 2296 1003 2334 legato
1041 2297 1079 2325 ad
1117 2296 1257 2326 civitates
1291 2298 1567 2336 Peloponnesiacas

903 2339 1120 2377 proficiscenti.
1133 2341 1207 2374 439,
1223 2342 1253 2370 3.

859 2382 1047 2417 Atrometus,
1062 2387 1150 2421 pater
1163 2381 1327 2411 AEschinis.
1340 2384 1415 2418 270,
1427 2385 1480 2413 24.

861 2425 1018 2460 Autocles,
1055 2425 1220 2463 imperator
1255 2425 1363 2455 classis
1393 2425 1505 2455 Atticae
1536 2425 1567 2455 in

901 2467 1042 2504 Thracia,
1059 2468 1098 2496 ob
1113 2479 1162 2496 res
1178 2467 1221 2497 ibi
1237 2469 1315 2498 male
1337 2473 1450 2507 gestas,
1467 2473 1498 2498 et
1512 2478 1567 2498 ne-

901 2510 1034 2548 glectum
1051 2510 1264 2549 Mistecydem,
1275 2511 1414 2550 quamvis
1425 2521 1461 2541 ea
1475 2512 1567 2551 culpa

903 2558 1034 2589 vacaret,
1050 2553 1082 2582 in
1101 2553 1251 2592 judicium
1276 2559 1414 2583 vocatus.
1439 2555 1514 2590 655,
1534 2557 1566 2585 3.

901 2600 1046 2626 revocato
1070 2607 1085 2625 e
1111 2596 1222 2630 Ponto,
1248 2606 1410 2626 successor
1434 2596 1566 2626 mittitur

900 2639 1005 2668 Meno.
1023 2642 1118 2674 1210,
1134 2641 1165 2668 7.
1186 2639 1236 2668 hic
1260 2639 1340 2668 idem
1358 2649 1426 2668 esse
1444 2639 1566 2673 videtur

899 2692 967 2710 cum
994 2682 1049 2711 illo
1073 2681 1215 2716 Autocle,
1235 2692 1323 2719 quem
1344 2681 1565 2720 Apollodorus,

900 2724 1042 2754 Pasionis
1057 2724 1148 2758 filius,
1165 2724 1328 2753 orationem
1342 2730 1564 2755 commentante

899 2767 1117 2802 Demosthene,
1144 2776 1211 2804 quae
1233 2766 1329 2796 oratio
1360 2767 1453 2798 hodie
1480 2769 1564 2798 nulia

899 2817 1050 2847 superest,
1067 2808 1236 2839 accusavit.
1251 2811 1325 2843 961,
1341 2812 1372 2839 1.

855 2851 1047 2881 Automedon
1063 2857 1208 2889 tyrannus
1229 2852 1356 2882 Eretrioe
1380 2863 1398 2882 a
1415 2853 1563 2894 Philippo

897 2894 1060 2924 constitus.
1081 2894 1150 2929 125,
1167 2896 1222 2924 27.

855 2937 1061 2974 Automedon,
1077 2936 1285 2974 Atheniensis,
1305 2938 1482 2979 psephisma
1503 2939 1563 2969 fert
