1822 3187
553 165 617 207 IN
650 164 1131 211 DEMOSTHENEM.

114 278 117 279 ⁷
157 270 282 300 factum.
305 272 345 301 ab
370 271 489 301 Eubulo
506 272 704 310 Anaphlystio
725 282 814 302 accu-

158 318 242 342 satus
257 318 315 349 est,
339 315 420 353 quod
445 324 462 344 a
483 315 673 344 metallorum
697 316 813 344 redem-

133 379 137 382 .
155 356 274 385 toribus
297 356 421 386 vicenas
444 358 601 388 drachmas
621 358 813 387 extorsisset.

157 400 231 434 435,
244 401 274 429 6.

114 441 221 471 Molon
238 442 359 471 archon.
377 444 470 476 1207,
485 445 536 472 11.

113 484 231 520 Molon,
246 488 385 514 vetustus
401 485 510 514 histrio
527 484 668 523 tragicus
681 486 755 520 418,
771 487 802 515 5.

113 526 286 562 Moschion,
309 537 416 557 servus
439 528 567 566 primum
585 527 725 563 Cononis,
748 532 811 558 tum

154 569 379 609 olympiodori,
392 570 678 599 medicamentorum
691 580 810 610 mango,

155 613 210 642 sed
225 613 272 642 fur
287 618 317 642 et
333 616 496 643 veterator.
513 615 607 647 1171,
624 616 674 643 12.
692 624 757 653 sqq.

111 657 134 687 oi
161 655 263 695 μύριοι,
294 657 421 686 Senatus
449 655 629 687 Arcadicus.
654 657 729 692 344,
760 658 811 687 13.

156 700 230 734 -103,
245 700 297 728 10.

111 742 302 780 Myronides,
315 740 452 775 Archini‚
467 740 526 770 viri
536 740 611 770 clari
625 746 655 770 et
671 740 708 769 de
722 741 758 770 P.
771 741 810 771 A.

154 785 230 814 bene
246 783 355 819 meriti,
376 783 468 817 filius,
490 783 528 812 ob
555 794 597 812 aes
614 784 745 813 alienum
762 783 812 824 (ut

153 825 291 865 videtur)
305 836 414 856 nexuS.
429 828 502 859 742,
517 827 568 856 25.

112 869 241 909 Myrds,
265 869 409 908 Argivu5‚
430 869 580 908 proditor.
606 870 679 904 324,
700 871 751 899 10.
780 879 811 899 v.

152 913 284 943 Palmer.
302 914 416 942 Exere.
432 922 462 951 p.
479 913 552 942 626.

439 1040 481 1070 N.

112 1126 283 1156 Nauclides
297 1125 421 1156 Plateas
428 1123 578 1155 Thebanis
591 1124 702 1164 prodit.
716 1126 810 1160 1378,

153 1171 205 1201 23.

107 1215 290 1248 Naucrates,
321 1212 360 1241 al.
397 1210 605 1246 Nausicrates,
640 1210 809 1249 Carystius.

153 1258 225 1289 925,
237 1265 306 1294 pen.

107 1300 212 1329 Naves
227 1297 457 1327 Atheniensium
466 1296 629 1335 -Amyntas,
645 1295 811 1334 imperator

152 1341 258 1370 classis
281 1340 427 1380 Philippi,
450 1339 531 1378 capit
560 1344 590 1367 et
609 1339 639 1368 in
666 1339 809 1368 Macedo-

152 1384 233 1414 niam
255 1383 388 1413 abducit.
412 1385 486 1418 249,
505 1384 555 1411 17.
584 1383 657 1417 274,
682 1385 711 1412 2.
727 1382 810 1420 quod

153 1426 282 1465 contigit
292 1426 435 1466 Philippo
449 1424 649 1464 Selymbriam
666 1424 809 1454 obsiden-

150 1474 192 1499 te.
209 1472 284 1505 251,
307 1471 336 1499 8.
356 1479 433 1499 anno
454 1472 560 1508 quarto
577 1468 701 1506 Olymp.
717 1467 809 1497 CIX.

151 1523 180 1542 v.
198 1511 319 1542 Corsini
337 1512 372 1541 F.
390 1513 427 1541 A.
445 1512 473 1541 Ι.
488 1512 562 1541 353.
579 1510 742 1549 Philippus
759 1520 810 1540 eas

153 1565 258 1585 rursus
272 1554 399 1584 dimisit.
414 1556 488 1589 251,
503 1556 554 1583 20.
588 1554 676 1583 Hanc
688 1553 809 1583 navium

153 1599 289 1637 rapinam
304 1598 450 1627 Corsinus
466 1596 621 1626 existimat
644 1595 719 1625 belli
740 1606 811 1625 cau-

154 1651 217 1671 sam
233 1641 338 1677 fuisse,
364 1642 400 1670 ab
423 1640 533 1670 Athen.
550 1649 626 1668 anno
641 1641 671 1668 1.
688 1639 810 1678 Olymp.

153 1684 224 1714 CX.
240 1683 385 1722 suscepti,
399 1693 475 1722 pace
494 1681 631 1721 septenni
646 1687 744 1721 rupta.

108 1727 273 1758 Nausicles
294 1726 405 1765 saepius
418 1725 476 1755 fuit
491 1729 662 1761 coronatus,
679 1726 716 1754 ob
732 1725 810 1754 libe-

152 1769 302 1799 ralitatem
329 1779 401 1807 erga
429 1779 537 1806 remp„
562 1778 649 1806 quam
679 1773 810 1803 ornarat,

153 1823 245 1852 quum
255 1814 412 1850 Strategus
427 1811 543 1841 militiae
554 1811 707 1850 pedestris
716 1816 809 1841 esset.

152 1857 228 1891 264,
255 1857 305 1885 22.
325 1856 398 1890 265,
422 1856 452 1884 8.
495 1854 617 1883 Archon
641 1858 703 1883 tum
736 1859 810 1889 erat,

153 1907 257 1936 quum,
270 1897 374 1927 Elatea
388 1901 487 1935 capta,
504 1896 729 1926 Demosthenes
743 1897 811 1926 hor-

152 1944 267 1970 taretur
281 1940 318 1969 ad
333 1939 509 1969 societatem
525 1939 678 1969 bellicum
693 1940 810 1969 Theba-

152 1983 201 2012 nis
217 1983 387 2012 ineundam.
402 1984 475 2017 288,
492 1984 543 2012 27.
567 1982 706 2011 laudatur
722 1989 754 2013 ut
765 1982 811 2013 vir

150 2025 318 2065 popularis.
341 2028 434 2061 1482,
458 2027 489 2056 5.
512 2024 631 2054 Corsin.
660 2026 695 2054 F.
724 2027 761 2056 A.
782 2026 809 2056 Ι.

176 2089 184 2098 .
195 2069 269 2098 350.

110 2079 320 2145 Naliisicrates,
335 2110 427 2140 frater
442 2108 640 2140 Nausimachi
656 2114 687 2139 et
701 2110 809 2140 Xeno-

154 2153 259 2193 pithis.
276 2155 349 2188 986,
365 2156 416 2183 24.
433 2155 508 2188 988,
525 2158 554 2183 1.

110 2196 343 2232 Nausimachns,
359 2195 440 2225 illius
463 2196 565 2231 frater,
586 2194 618 2225 in
634 2205 724 2234 quem
739 2195 809 2226 Ari-

156 2239 291 2269 staechmi
306 2239 359 2268 filii
375 2243 479 2277 agunt.
494 2240 568 2274 984,
584 2248 628 2277 sq.

109 2281 293 2314 Nausiuicus
316 2282 447 2311 Archon.
475 2283 548 2316 606,
576 2291 645 2320 pen.
677 2291 695 2310 a
723 2281 812 2322 cujus

152 2330 288 2364 praetura
311 2324 348 2353 ad
376 2323 585 2363 magistratum
611 2324 811 2354 Androtionis

150 2367 267 2406 'raylor
290 2377 384 2396 annos
410 2369 462 2397 26.
486 2371 633 2396 numerat.
657 2376 715 2405 ego
737 2377 810 2397 vero

151 2410 307 2444 existimo,
319 2409 518 2439 Nausinicum
527 2414 708 2449 quaestorem
715 2410 811 2440 fuisse

153 2463 230 2483 anno
257 2452 397 2491 proximo
427 2458 496 2482 ante
527 2451 723 2483 Androtionis
747 2462 810 2482 ma-

153 2496 326 2535 gistratum,
339 2499 370 2524 et
379 2495 535 2525 subaudiri
548 2494 809 2536 εἶα-πεπςαγμὲνας,

152 2539 295 2573 redactas,
320 2539 352 2568 in
366 2538 476 2578 fiscum
500 2539 599 2568 illatus
620 2550 648 2577 p.
666 2540 761 2574 1367,
778 2540 809 2568 6.

153 2584 345 2616 memoratur,
357 2586 388 2610 et
403 2581 416 2610 ὅ
431 2579 517 2619 ἄρξας
528 2581 658 2611 additur.

110 2622 326 2661 Nausiphilus‚
341 2622 432 2653 istius
448 2623 620 2659 Nausinici,
642 2624 691 2653 τοῦ
711 2623 810 2664 ἄρξαν-

154 2676 214 2702 τος,
228 2665 317 2695 fil‘mS.
329 2667 423 2701 136⁷,
439 2668 470 2697 5.

111 2710 232 2743 Neaera,
248 2718 266 2737 a
280 2708 493 2744 Theomnesto,
508 2712 572 2739 tum
584 2713 615 2740 et
629 2709 666 2739 ab
683 2709 808 2749 Apollo-

153 2751 232 2781 doro
258 2750 412 2786 Pasionis,
439 2756 590 2788 accusata,
615 2753 708 2791 quod,
744 2762 811 2792 quae

153 2793 324 2834 peregriua,
339 2798 370 2823 et
385 2803 484 2828 serva,
508 2800 539 2824 et
554 2794 701 2825 meretrix
717 2799 812 2830 esset,

153 2840 255 2866 tamen
279 2845 374 2874 penes
397 2837 595 2875 Stephanum,
620 2837 720 2867 civem
741 2838 813 2867 Ath.

153 2878 184 2908 in
200 2878 392 2908 matrimonio
415 2882 509 2915 esset,
530 2879 704 2918 liberosque
720 2880 813 2919 vulgo

153 2921 300 2961 quaesitos
325 2932 382 2961 pro
406 2921 528 2952 civibus
544 2922 646 2957 ferret,
669 2932 727 2951 nec
755 2932 815 2952 non

156 2963 287 2996 aliorum
302 2963 463 2996 criminum
477 2974 496 2996 a
509 2966 604 2996 1345.
619 2964 656 2996 ad
672 2966 767 2996 1388.

1471 167 1553 210 315

848 270 1019 307 Nearchus,
1045 272 1211 309 Sosinomi,
1235 273 1293 304 fuit
1314 272 1347 303 io
1372 272 1483 312 legatis
1509 274 1548 303 ad

892 313 1064 353 Philippum
1081 315 1195 352 missis,
1210 317 1291 356 apud
1307 317 1445 346 Elateam
1455 325 1546 355 agen-

890 360 961 386 tem.
978 359 1052 392 283,
1068 359 1099 388 ¹7.

846 398 945 434 Neon,
961 399 1108 430 Philiadis
1122 399 1213 435 filius,
1226 401 1408 438 Messenius,
1423 401 1544 440 Philip-

886 452 927 480 po
938 442 1090 473 addictus.
1105 445 1179 478 324,
1197 445 1247 472 12.

846 485 981 514 Neocles
1002 486 1122 515 Archon
1141 491 1217 521 tum,
1236 495 1327 524 quum
1345 486 1482 516 Eubulus
1494 497 1543 515 ro-

888 527 1038 565 gationem
1059 528 1163 564 ferret,
1182 529 1221 559 de
1245 527 1395 566 legatione
1418 529 1455 558 ad
1469 529 1543 558 Phi-

888 571 1004 610 lippum
1020 571 1176 607 mittenda,
1203 581 1269 610 quae
1285 581 1353 600 eum
1375 571 1543 610 interroga-

888 617 945 648 ret,
962 624 1016 643 cur
1032 624 1124 644 naves
1139 614 1248 643 Athen.
1272 613 1481 643 frumentarias
1496 614 1542 643 in-

889 657 1080 695 tercepisset.
1097 659 1171 692 249,
1187 659 1237 686 11.
1255 667 1285 685 v.
1298 655 1435 686 Nicocles.

846 698 1078 736 Neoptolemus,
1094 699 1196 729 multis
1211 698 1354 738 operibus
1368 699 1542 739 praefectus,

888 746 1048 771 coronatus
1080 747 1128 771 est
1151 743 1191 771 ob
1220 742 1406 780 largitiones,
1432 741 1542 781 quibus

886 793 981 823 remp.
1004 789 1173 814 ornaverat.
1195 787 1269 820 264,
1287 787 1338 816 25.
1354 785 1443 814 homo
1459 785 1543 813 locu-

886 826 966 865 ples,
979 827 1084 856 Midiae
1093 828 1259 856 studiosus.
1272 828 1347 862 583,
1364 830 1416 857 14.

844 868 1064 907 Neoptolemus
1092 870 1212 905 histrio,
1236 870 1284 899 vel
1311 869 1427 908 potius,
1450 872 1543 907 poeta

887 912 1035 951 tragicus,
1056 913 1171 951 primus
1186 918 1290 942 auctor
1306 913 1364 942 fuit
1377 911 1543 942 Athenien-

887 955 971 984 sibus
985 954 1069 993 pacis
1082 966 1149 985 cum
1164 955 1305 993 Philippo
1319 954 1543 985 contrahendae.

888 998 963 1033 344,
978 1000 1009 1027 7.
1027 1003 1058 1027 et
1071 1000 1122 1028 21.
1154 998 1326 1037 Philippus,
1340 997 1544 1027 rebuslaban-

888 1040 981 1075 tibus,
1001 1051 1068 1069 eum
1095 1041 1330 1070 Atheniensibus
1352 1040 1477 1070 immisit
1491 1049 1544 1068 au-

887 1087 1000 1112 ctorem
1030 1083 1125 1121 pacis.
1154 1086 1226 1119 44⁶2,
1260 1083 1313 1113 ult.
1358 1083 1487 1112 Athenis
1513 1081 1544 1111 in

888 1126 1098 1155 Macedoniam
1122 1125 1276 1165 migravit,
1299 1130 1330 1155 et
1350 1136 1417 1164 quae
1440 1124 1483 1154 ibi
1500 1124 1546 1154 vi-

887 1168 986 1197 disset
1010 1169 1215 1208 audissetque,
1242 1169 1279 1198 de
1302 1169 1341 1198 iis
1368 1168 1544 1207 Philippum

886 1211 1045 1240 certiorem
1061 1211 1144 1241 feeit.
1160 1215 1211 1246 58,
1228 1215 1278 1241 22.
1296 1222 1326 1241 v.
1342 1211 1492 1250 insignem
1505 1210 1545 1240 de

887 1264 923 1282 eo
936 1255 1036 1283 locum
1051 1254 1181 1284 Diodori
1202 1254 1296 1284 Siculi
1313 1259 1334 1283 t.
1352 1255 1396 1283 11.
1412 1264 1444 1292 p.
1468 1255 1544 1283 152.

887 1296 1073 1336 Quamquam
1100 1298 1247 1337 ὑποκριτὴς
1267 1297 1474 1327 tantummodo
1490 1305 1545 1334 ap-

886 1340 1028 1378 pellatur,
1040 1341 1197 1370 admonuit
1211 1345 1309 1369 tamen
1322 1339 1494 1369 Scholiasta
1505 1338 1544 1367 ad

887 1392 917 1421 p.
931 1385 983 1417 58,
1002 1385 1052 1414 15.
1076 1388 1193 1413 veteres
1214 1383 1271 1413 hoc
1294 1382 1414 1412 nomine
1437 1381 1543 1420 appel-

884 1425 948 1455 lare
963 1426 1156 1456 consuevisse
1176 1426 1262 1464 ipsos
1285 1435 1405 1464 quoque
1428 1430 1545 1464 poetaS,

885 1468 1050 1499 fabularum
1066 1469 1243 1509 scriptores,
1254 1469 1367 1508 quippe
1379 1467 1429 1506 qui
1440 1467 1544 1497 histri-

887 1521 979 1540 onum
1015 1522 1134 1551 qnoque
1178 1516 1283 1552 partes
1336 1520 1542 1550 saepennmero

887 1558 1021 1592 agerent.

843 1597 981 1636 Neptuni
997 1597 1034 1627 lis
1049 1608 1117 1627 curu
1138 1597 1238 1627 Marte
1257 1597 1289 1626 in
1305 1597 1466 1635 Areopago
1482 1594 1544 1625 dis-

887 1644 1016 1713 {eptatffi
1034 1651 1126 1680 super
1140 1641 1223 1670 caede
1237 1639 1450 1670 Halirrhothii.
1466 1639 1543 1674 641,

897 1686 939 1714 ’5.

842 1726 1000 1760 Nicareta,
1029 1726 1091 1756 filia
1114 1723 1313 1760 Damostrati,
1341 1729 1437 1754 mater
1461 1723 1543 1753 illius

888 1768 1047 1804 Euxithei‚
1084 1769 1136 1808 qui
1173 1768 1203 1798 in
1246 1767 1430 1798 Eubulidem
1467 1766 1542 1806 egit.

888 1813 985 1847 1320,
1003 1814 1033 1842 3.

845 1853 1004 1889 Nicareta,
1039 1854 1107 1884 lena
1146 1854 1272 1889 famosa,
1302 1853 1376 1882 hera
1412 1853 1543 1882 Neaerae.

889 1898 1027 1932 1351‚4.

844 1939 1024 1976 Nikeratus,
1040 1939 1260 1974 Aetnerdus'tus,
1285 1938 1479 1973 trierarchus,
1497 1942 1543 1967 te—

887 1988 983 2055 {tatur
1007 1982 1203 2013 Demostheni
1230 1982 1375 2012 adversus
1403 1980 1543 2011 Midiam.

910 2028 962 2060 68,
980 2028 1031 2056 24.

843 2067 1022 2104 Nikeratus,
1030 2067 1134 2098 Nikiae
1144 2065 1338 2106 imperatoris
1350 2065 1441 2100 filius,
1451 2065 1544 2104 6827..-

886 2109 975 2145 πητός
990 2110 1233 2150 cognominatus,
1249 2110 1389 2139 laudatur
1409 2109 1448 2138 ob
1463 2109 1542 2138 libe-

885 2153 1003 2183 ralitem
1020 2163 1092 2192 erga
1108 2163 1202 2192 remp.
1218 2154 1292 2188 567,
1307 2154 1359 2182 24.

843 2195 1023 2232 Nikeratus‚
1048 2195 1183 2226 Aristoni
1211 2197 1360 2226 adversus
1389 2194 1543 2224 Cononem

886 2244 1025 2270 testatus.
1041 2241 1136 2273 1266,
1151 2240 1202 2269 26.

843 2282 1006 2318 Nikiades,
1019 2281 1159 2321 Lysaniae
1170 2281 1260 2311 filius.
1275 2280 1373 2315 1305,
1383 2282 1413 2309 1.

845 2325 956 2355 Nikias
971 2335 1084 2364 praeco,
1095 2325 1145 2354 vel
1160 2324 1276 2354 fecialis
1287 2321 1436 2361 Philippi,
1447 2320 1541 2351 Athe-

887 2368 1041 2398 niensibus
1065 2367 1207 2403 consciis,
1231 2371 1283 2395 aut
1298 2364 1541 2400 conniventibus,

887 2421 905 2441 e
927 2410 1043 2440 ditione
1064 2409 1204 2448 Philippi
1228 2409 1384 2447 abreptus.
1420 2408 1494 2442 159,
1509 2408 1541 2435 1.

887 2453 1089 2484 Athenienses
1104 2462 1171 2482 eum
1187 2452 1334 2481 decennio
1348 2450 1381 2480 in
1401 2448 1542 2479 custodia

884 2499 1056 2531 tennerunt,
1073 2499 1104 2524 et
1126 2495 1231 2525 literas
1253 2496 1319 2534 ejus
1341 2493 1372 2522 in
1397 2492 1544 2522 concione

885 2539 1062 2568 recitarunt.
1076 2538 1152 2568 ibid.

844 2581 965 2617 Nikias,
1001 2591 1096 2620 gener
1125 2579 1240 2614 Diniae,
1280 2587 1413 2608 sororem
1439 2575 1544 2606 uxoris

886 2624 1078 2663 Apollodori,
1107 2622 1262 2656 Pasionis,
1291 2621 1322 2650 in
1353 2618 1543 2649 matrimonio

886 2668 1029 2697 habebat.
1045 2667 1118 2701 949,
1135 2668 1187 2695 22.
1208 2663 1374 2693 avunculus
1389 2661 1547 2701 Stephani,

887 2721 905 2739 a
920 2720 980 2749 quo
995 2709 1120 2738 fortunis
1134 2712 1260 2737 exsutus
1274 2706 1343 2735 fuit.
1360 2707 1454 2741 1122,
1467 2704 1522 2735 ult.

845 2752 967 2788 Nikias,
987 2750 1141 2781 AEschinis
1167 2750 1310 2784 κηδεστὴς,
1331 2749 1362 2778 h.
1382 2758 1410 2778 e.
1432 2746 1545 2777 sororis

888 2795 1026 2829 maritus,
1042 2793 1054 2822 ὃ
1068 2791 1192 2831 ἔδελυςός
1217 2790 1417 2821 Demostheni
1431 2790 1546 2821 dictus.

890 2840 965 2872 433,
979 2839 1031 2867 20.

848 2880 971 2914 Nikias,
994 2880 1093 2909 clarus
1116 2877 1169 2907 ille
1180 2876 1355 2917 imperator,
1366 2876 1399 2906 in
1414 2874 1551 2906 consiliis

893 2922 1001 2952 dandis
1030 2920 1156 2961 publica
1177 2919 1280 2959 potius
1299 2919 1459 2950 commoda
1480 2927 1551 2956 spe·

895 2971 1008 3002 ctasse,
1044 2973 1130 3003 quam
1167 2973 1269 2994 auram
1293 2962 1471 3003 popularem
1502 2970 1552 2990 ca-
