1822 3187
539 177 601 219 IN
637 175 1126 219 DEMOSTHENEM.

151 282 253 312 Schol.
270 283 307 312 ad
323 285 398 318 419,
411 285 463 313 ⁴21.

107 326 333 362 Timauoridas,
349 325 537 360 Corinthius,
553 329 668 354 amator
686 324 817 354 Neaerae.

155 371 250 403 1354,
269 372 318 398 11.

109 412 287 441 Timarchus
325 411 476 439 instruens
507 409 729 438 accusationem
762 407 817 437 AE-

153 453 266 482 schinis
282 454 320 482 de
339 453 489 492 legatione
515 452 664 490 flagitiose
681 450 765 479 obita
788 454 818 479 et

154 496 308 534 rep.male
322 500 418 534 gesta,
432 501 605 534 praeventus
618 494 654 522 ab
670 493 818 522 AEscbine

154 539 311 577 probrosae
320 539 389 566 vitae
400 539 611 570 notatur.341,
623 538 673 565 18.
686 538 760 570 413,
769 538 820 565 ⁶27.

155 583 230 616 416,
247 583 298 610 18.
323 581 506 619 rogationem
526 579 607 614 tulit,
625 584 657 608 nt
677 579 728 617 qui
746 578 820 607 Phi-

155 623 241 663 lippo
254 633 336 653 arma
351 629 381 653 et
396 624 594 652 instrumenta
611 621 680 650 belli
693 621 822 650 admini-

158 672 297 702 strasset,
314 667 340 695 is
355 670 451 695 morte
465 664 672 694 mulctaretur.
688 666 764 697 433,
780 665 810 693 5.

113 709 315 743 Timocrates,
331 710 359 737 in
376 718 464 746 quem
481 708 576 736 oratio
593 707 684 746 agita
699 717 730 746 p.
746 709 820 736 700.

157 752 196 781 ad
223 762 253 790 p.
269 753 342 781 767.
365 761 448 780 reum
479 761 571 789 agens
598 748 764 788 rogationis
792 754 823 777 et

157 795 270 829 noxiae,
286 798 317 823 et
337 804 353 823 a
373 798 477 822 tenore
495 793 575 832 juris
599 792 698 822 civilis
714 791 824 820 abhor-

156 837 261 866 rentis.
306 835 490 875 Rogationis
514 835 641 865 formula
663 834 776 873 legitur
791 844 822 873 p.

155 881 232 915 712,
250 881 301 909 18.
318 879 376 908 alia
388 879 524 917 ejusdem
541 878 723 907 Timocratis
738 887 824 915 roga-

158 921 214 956 tio,
229 921 276 951 illi
296 931 479 961 repugnans.
497 923 573 955 790,
591 924 642 951 18.
666 925 825 950 accusator

157 964 283 1000 dicitur,
309 970 339 994 et
362 965 470 993 Midiae
495 964 663 993 studiosus.
694 964 769 997 560,
793 965 823 992 3.

158 1007 301 1036 honorem
318 1007 478 1045 quaestoris
501 1006 600 1044 gessit
616 1016 684 1035 curn
706 1006 826 1034 Andro-

159 1049 252 1078 tione.
268 1051 343 1085 734,
361 1049 415 1079 ult.
438 1049 580 1079 videntur
605 1049 682 1077 hunc
705 1046 844 1086 quoque'

161 1092 332 1131 significare
359 1092 390 1120 hi
417 1092 486 1121 loci.
515 1094 588 1125 853,
614 1094 645 1121 ⁶2.
678 1093 773 1126 1017,
797 1093 827 1119 1.

161 1137 257 1169 1025,
274 1135 328 1164 ult.
352 1134 409 1163 suit
431 1135 550 1164 Archon
567 1139 642 1169 tum,
657 1144 747 1172 quum
767 1134 827 1162 De-

160 1178 335 1207 mosthenes
350 1177 512 1216 Aphobum
527 1182 692 1206 accusaret.
707 1178 781 1211 869,
797 1178 827 1205 4.

161 1222 236 1254 873,
253 1223 303 1250 11.
328 1221 422 1250 Estne
438 1221 530 1254 idem,
545 1220 596 1258 qui
617 1219 762 1248 Onetoris
779 1229 827 1247 so-

161 1273 259 1292 rorem
274 1263 403 1301 Aphobo
414 1262 569 1301 permisit?
586 1265 660 1297 866,
674 1264 705 1291 4.
717 1272 776 1300 qua
788 1261 827 1290 de

160 1306 288 1335 muliere
305 1306 416 1335 multus
433 1306 462 1334 iu
478 1305 537 1334 ista
553 1305 687 1335 oratione
704 1304 734 1333 in
745 1305 828 1333 One-

160 1353 256 1378 torem
278 1358 377 1377 sermo
394 1348 436 1377 fit.
474 1347 651 1377 Orationem
671 1346 828 1376 Timocra-

161 1396 239 1421 team
256 1391 294 1420 ab
311 1390 380 1429 ipso
394 1390 601 1420 Demosthene
618 1390 729 1419 editam
747 1399 828 1424 esse,

161 1438 250 1473 negat
270 1433 457 1468 Plutarchus,
470 1433 595 1462 affirmat
610 1432 742 1462 Gellius.

116 1476 325 1510 'Pimodemus‚
355 1476 515 1515 trapezita,
549 1486 683 1505 mensam
707 1474 829 1504 evertit.

165 1521 238 1554 953,
258 1520 307 1548 16.
324 1520 398 1555 959,
414 1521 466 1549 27.

118 1562 274 1592 Timolaus
286 1561 407 1590 Thebas
422 1559 570 1600 prodidit.
585 1562 659 1594 241,
678 1561 728 1590 26.

119 1605 331 1634 Timomachus
349 1605 386 1633 ab
409 1604 598 1643 Apollodoro
621 1602 763 1632 Pasionis
781 1612 829 1631 ac-

163 1653 297 1677 cusatus.
325 1648 398 1682 960,
423 1657 496 1685 peu.
526 1657 592 1685 quae
618 1645 714 1675 oratio
739 1646 830 1674 hodie

163 1700 223 1720 non
260 1693 410 1727 superest.
444 1689 640 1726 largitionum
677 1698 747 1717 reus
785 1693 832 1717 est

164 1737 260 1762 actus.
278 1734 354 1767 398,
371 1735 401 1762 2.
439 1733 473 1761 Si
496 1732 578 1761 idem
600 1731 659 1760 fuit
679 1741 748 1760 cum
770 1741 831 1760 me-

166 1779 284 1805 morato
297 1786 328 1814 p.
345 1776 420 1810 658,
440 1775 508 1810 ult.,
528 1775 650 1804 videtur
666 1773 832 1812 imperator

164 1817 272 1848 classis
296 1817 406 1848 Atticae
432 1818 461 1846 in
485 1817 614 1847 Thracia
637 1816 743 1851 fuisse,
773 1827 832 1855 quo

164 1866 301 1900 tempore
317 1861 414 1899 Cotys
433 1860 567 1899 emporia
586 1859 723 1889 Thraciae
744 1864 833 1898 atque

165 1903 370 1933 Cherrhonesi
404 1903 642 1933 Atheniensibus
673 1901 833 1940 eripiebat.

166 1958 198 1986 p.
212 1949 309 1982 1210,
323 1946 378 1976 ult.
398 1946 514 1975 dicitur
529 1945 654 1975 Menoni
671 1955 834 1974 successor

166 1990 299 2019 venisse.

122 2032 333 2062 Timosthenes
342 2031 543 2071 AEgialensis,
551 2030 729 2071 negotiator.
739 2033 775 2060 11
782 2032 835 2066 93,

125 2117 318 2152 Timotheus,
335 2116 470 2147 Cononis
488 2117 576 2152 filius,
588 2116 688 2145 clarus
703 2115 835 2154 impera-

167 2165 226 2195 tor,
247 2164 353 2189 auctor
376 2160 466 2189 fiebat
485 2156 705 2189 mittendarum
721 2158 750 2187 in
774 2159 834 2188 Eu-

167 2204 268 2233 boeam
290 2203 458 2241 copiarum,
483 2213 550 2241 quae
569 2202 730 2231 Thebanos
751 2201 836 2230 illinc

169 2246 370 2285 expellerent.
398 2245 519 2285 Olymp.
542 2245 610 2279 CV,
633 2246 665 2275 3.
690 2245 763 2278 108,
784 2246 835 2273 10.

168 2289 371 2319 Macedonum
387 2288 503 2317 auxilio
515 2287 633 2322 afflixit,
646 2291 697 2316 aut
713 2286 838 2325 subegit

169 2332 348 2371 Olynthum.
372 2333 424 2366 22,
440 2333 469 2362 5.
494 2340 582 2369 quam
607 2328 835 2368 expeditionem

169 2385 294 2404 necesse
317 2378 365 2404 est
380 2373 518 2403 evenisse
537 2378 613 2408 tum,
630 2383 721 2411 quum
743 2372 837 2401 Athe-

169 2417 290 2447 nienses
318 2417 416 2446 adhuc
444 2415 582 2455 Philippi
613 2415 689 2445 socii
720 2418 835 2451 essent,

169 2463 257 2499 cujus
273 2460 429 2490 societatis
445 2459 625 2488 mentionem
642 2457 724 2487 facit.
739 2460 791 2491 20,
806 2461 836 2487 1.

170 2503 336 2541 Corcyram
356 2501 557 2541 expugnavit.
579 2503 653 2536 172,
678 2501 729 2531 25.
760 2502 834 2535 686,

171 2549 223 2576 22.
247 2545 370 2584 Olymp.
388 2546 443 2582 CI,
459 2547 488 2574 4.
523 2545 645 2574 Samum
661 2543 805 2572 liberavit
820 2553 837 2572 a

171 2588 323 2626 tyrannis3
339 2593 370 2617 et
384 2588 506 2628 negotia
522 2589 588 2625 ejus
605 2597 672 2616 cum
690 2585 837 2616 Ariobar-

171 2641 256 2660 zane.
270 2632 422 2669 19P,pen.
446 2629 576 2669 Τιμεθὲῳ
593 2629 709 2662 διδόντες
725 2630 772 2658 τὴν
787 2628 838 2657 δω-

171 2675 231 2714 ςειὶν
246 2683 277 2711 p.
292 2675 366 2708 482,
383 2676 435 2704 26.
460 2673 612 2712 significat
639 2672 838 2702 Athenienses

171 2716 200 2746 ei
216 2715 435 2745 immunitatem
447 2716 634 2750 decrevisse,
647 2715 784 2753 aliosque
801 2716 838 2744 ab

172 2769 208 2789 eo
220 2759 447 2787 commendatos
458 2758 583 2787 civitate
599 2758 739 2787 donasse.
763 2758 838 2786 Suc·

173 2811 277 2832 cessor
304 2801 452 2838 Iphicrati
481 2800 518 2829 ad
554 2800 752 2838 Amphipolin
781 2800 840 2829 fuit

171 2843 292 2874 missus.
309 2845 383 2878 669,
396 2845 427 2872 7.
449 2843 488 2872 de
501 2846 591 2871 aetate
606 2842 696 2880 hujus
710 2843 840 2881 expedi-

171 2886 264 2916 tionis
291 2896 320 2915 ν.
350 2885 468 2915 Corsini
494 2887 529 2915 F.
547 2885 584 2914 A.
605 2889 627 2913 t.
653 2885 682 2914 I.
707 2895 739 2923 p.
765 2887 840 2915 348.

171 2933 388 2959 commemorat
403 2928 529 2957 eundem
555 2927 738 2956 Aristoteles
757 2937 839 2956 oeco-

171 2971 281 3002 nomio.
297 2972 340 3002 Π.
358 2971 439 3011 apud
456 2971 584 3001 eundem
605 2970 692 3000 Cors.
709 2974 732 3000 t.
747 2970 792 3000 11.
809 2979 840 3008 p.

1473 175 1558 216 325

893 282 966 310 ²224.
982 278 1167 318 proponitur
1187 278 1216 308 in
1239 279 1413 318 exemplum
1430 279 1560 309 hominis

894 327 982 352 aetate
998 332 1052 350 sua
1068 321 1224 350 ditissimi.
1241 323 1315 356 815,
1331 325 1381 352 1⁶2.
1403 327 1564 351 accusatur

894 367 931 395 ab
954 364 1145 403 Apollodoro
1162 364 1315 399 Pasionis‚
1329 366 1366 393 de
1383 375 1442 394 aere
1459 365 1563 394 debito

895 419 912 438 a
927 418 959 446 p.
977 409 1073 437 1184.
1089 407 1127 435 ad
1143 417 1174 445 p.
1190 408 1284 436 1205.
1301 409 1412 436 mentio
1425 408 1456 436 fit
1472 407 1563 445 hujus

894 449 1099 480 accusationis
1114 460 1145 488 p.
1163 451 1236 483 961,
1256 452 1284 478 1.
1313 451 1378 487 ejus
1398 450 1510 488 legatio
1525 450 1564 478 ad

895 503 999 532 regem
1017 494 1190 522 Persarum.
1205 494 1300 525 1185,
1317 495 1369 521 ⁶20.
1392 503 1439 521 res
1455 493 1565 521 adver-

897 547 948 566 sus
962 535 1208 565 Lacedaemonios
1221 535 1296 563 male
1314 539 1417 573 gestae.
1429 538 1523 570 1187,
1533 537 1565 564 3.

897 579 935 608 ob
951 589 1025 617 quas
1039 580 1076 607 ab
1088 578 1244 616 Iphicrate
1258 577 1329 606 item
1343 582 1373 605 et
1388 577 1565 606 Callistrato

897 621 1066 659 majestatis
1081 621 1140 650 fuit
1153 620 1438 659 postulatus.1187‚
1451 622 1482 648 7.
1496 630 1567 649 cau-

898 674 961 693 sam
978 665 1052 694 hanc
1075 663 1156 693 dixit
1172 664 1267 693 Asteo
1289 663 1456 692 Archonte.
1474 665 1569 697 1190,

900 710 950 737 24.
976 717 1055 745 aegre
1072 706 1239 742 absolutus,
1253 706 1282 735 in
1296 706 1466 744 AEgyptum
1482 705 1569 740 abiit,

899 755 930 778 et
945 750 1010 788 regi
1029 749 1190 778 Persarum
1204 749 1327 784 meruit,
1344 753 1377 777 ut
1391 749 1569 786 imperator.

900 794 995 827 1191,
1012 795 1063 821 ⁶21.
1092 792 1145 820 illa
1160 792 1288 820 infausta
1304 790 1463 829 expeditio
1480 790 1572 820 Pelo-

899 834 1197 874 ponnesiacaincidit
1207 835 1236 862 in
1249 844 1368 868 annum,
1379 844 1438 872 quo
1447 834 1571 862 Archon

900 878 957 907 suit
969 877 1156 907 Socratides.
1172 879 1267 912 1197,
1279 879 1329 905 17.
1344 886 1432 915 quem
1447 876 1573 915 excepit

901 921 1025 955 Asteus,
1045 925 1075 949 et
1093 920 1174 948 hunc
1190 919 1397 949 Alkisthenes.
1420 919 1572 953 Isocrate,

903 963 1052 1002 sophista,
1065 962 1255 992 familiariter
1276 972 1348 991 usus
1368 972 1448 997 esse,
1464 963 1501 990 ab
1521 971 1572 991 ea-

902 1016 960 1044 que
972 1006 1192 1035 consuetudine
1202 1005 1327 1034 multum
1341 1005 1378 1034 ad
1389 1005 1572 1042 elegantiam

900 1049 1058 1078 literarum
1075 1052 1164 1087 atque
1177 1058 1294 1077 morum
1312 1047 1479 1086 profecisse
1496 1047 1573 1076 dici-

903 1096 961 1120 tur.
979 1093 1074 1125 1415,
1092 1093 1122 1121 6.
1168 1091 1348 1120 Plutarchus
1363 1090 1389 1129 ᾗ.
1407 1088 1446 1119 ιε’.
1469 1090 1573 1120 Timo-

903 1135 1005 1163 theum
1022 1143 1114 1162 causa
1126 1133 1275 1163 adversus
1288 1133 1507 1171 Apollodorum
1522 1144 1574 1163 ce-

904 1176 1016 1206 cidisse
1032 1176 1084 1206 ait.
1103 1177 1216 1205 Barton
1230 1186 1261 1215 p.
1272 1178 1345 1206 199.
1355 1176 1397 1205 ait
1410 1186 1476 1205 eum
1488 1175 1574 1215 capi-

904 1219 944 1248 tis
967 1223 1141 1248 accusatum
1160 1219 1199 1247 ob
1224 1229 1286 1248 rem
1306 1219 1384 1247 male
1404 1224 1520 1257 gestam
1541 1219 1574 1248 iu

906 1261 985 1291 bello
1005 1261 1122 1291 sociali.
1137 1261 1166 1291 in
1186 1271 1245 1300 quo
1261 1261 1386 1291 fallitur.
1411 1262 1574 1291 adventum

905 1304 1026 1334 Iasonis
1038 1309 1128 1343 atque
1142 1304 1271 1339 Alcetae,
1284 1314 1360 1342 quos
1377 1304 1510 1333 Athenas
1521 1315 1576 1333 ve-

905 1347 986 1376 nisse
999 1346 1152 1376 Timothei
1168 1346 1337 1376 excusandi
1351 1350 1381 1376 et
1392 1346 1576 1386 deprecandi

905 1399 979 1428 ergo
992 1401 1007 1418 e
1018 1400 1047 1428 p.
1062 1391 1157 1425 1190,
1170 1392 1221 1421 24.
1239 1393 1368 1425 constat,
1379 1389 1471 1418 refert
1482 1389 1520 1418 ad
1538 1392 1576 1421 A.

906 1435 937 1461 4.
955 1433 1078 1471 Olymp.
1095 1433 1147 1461 CI.
1164 1432 1284 1461 Corsin.
1302 1432 1338 1462 F.
1354 1433 1392 1461 A.
1410 1432 1437 1461 I.
1454 1442 1486 1470 p.
1501 1434 1552 1462 97.

862 1474 976 1510 Tisias,
993 1479 1078 1513 pater
1088 1475 1201 1504 actoris
1215 1475 1244 1504 in
1256 1475 1425 1504 Calliclem.
1436 1476 1530 1510 1273,
1542 1478 1574 1505 7.

863 1517 966 1547 Tisias
983 1517 1192 1547 Acharnensis
1212 1517 1326 1546 arbiter
1349 1517 1430 1547 inter
1448 1518 1577 1555 Apollo-

909 1561 1016 1590 dorum
1032 1565 1063 1590 ct
1081 1561 1292 1590 Phormionem
1310 1560 1460 1590 delectus.
1479 1563 1575 1598 1104,

909 1605 926 1615 o

907 1616 938 1633 Ο·

865 1646 977 1680 Tisias,
994 1645 1159 1685 Iphicratis
1175 1646 1275 1675 frater.
1292 1646 1369 1680 534,
1384 1648 1436 1676 24.

866 1690 1006 1723 'rx-omes,
1023 1689 1177 1718 AEschinis
1193 1694 1290 1726 pater,
1303 1692 1337 1718 ut
1352 1690 1577 1720 Demosthenes

907 1742 976 1760 eum
988 1732 1130 1770 appellat.
1144 1730 1305 1761 AEschines
1317 1731 1395 1760 enim
1408 1731 1474 1771 ipse
1485 1734 1578 1763 Atro-

907 1780 1019 1803 metum
1036 1775 1110 1803 edit.
1128 1777 1201 1808 270,
1216 1776 1247 1803 7.

864 1817 999 1857 Tyranni
1025 1827 1148 1847 numero
1175 1816 1291 1846 XXX.
1321 1816 1464 1853 Athenis,
1487 1828 1576 1855 quam

909 1860 1068 1898 pecuniam
1106 1870 1123 1889 a
1161 1859 1402 1889 Lacedaemoniis
1443 1864 1577 1890 mutuam

910 1902 1101 1938 sumsissent,
1118 1913 1181 1932 eam
1194 1902 1316 1931 exsules
1332 1902 1454 1932 domum
1472 1913 1578 1933 rever-

911 1946 936 1975 si
960 1947 998 1975 de
1022 1956 1076 1975 suo
1098 1946 1310 1975 refundebant.
1325 1946 1400 1980 460,
1417 1948 1469 1975 15.
1497 1956 1579 1984 qnae-

910 1999 1028 2027 cunque
1049 1989 1079 2018 in
1101 1988 1241 2026 judiciis,
1258 1987 1324 2017 sive
1347 1988 1493 2027 publicis,
1510 1989 1578 2018 sive

909 2031 1049 2070 privatis,
1076 2031 1322 2065 constituissent,
1348 2041 1425 2069 pace
1449 2031 1580 2068 reddita,

911 2074 1024 2103 abolita
1040 2078 1070 2103 et
1082 2079 1220 2112 peremta
1235 2077 1314 2102 sunt.
1330 2076 1405 2108 718,
1417 2074 1468 2103 13.

868 2116 999 2155 Tyranni
1026 2116 1208 2151 Thessalici,
1233 2126 1250 2145 a
1276 2115 1386 2154 quibus
1413 2116 1578 2155 Philippus

910 2159 1075 2189 Thessalos
1091 2159 1244 2189 liberavit.
1262 2161 1313 2193 22,
1328 2161 1358 2189 8.
1392 2158 1578 2189 Scholiastes

912 2202 1065 2231 Aleuadas
1081 2206 1215 2231 autumat
1236 2201 1412 2240 significari.
1448 2203 1507 2231 Sed
1528 2202 1580 2231 alii

912 2245 951 2274 de
969 2245 1122 2281 Pitholao,
1139 2245 1307 2284 Tisiphono
1323 2250 1354 2274 et
1376 2245 1581 2284 Lycophrone

912 2287 1161 2327 interpretantur,
1182 2287 1245 2326 qui,
1273 2298 1341 2317 cum
1373 2288 1580 2317 Alexandrum

912 2331 1070 2361 Pheraeum
1087 2331 1298 2370 peremissent,
1311 2330 1371 2370 ipsi
1388 2331 1579 2370 tyrannidem

913 2384 1060 2404 exercere
1076 2377 1242 2412 coeperunt.

1204 2501 1249 2531 X.

871 2585 1040 2625 Xenippus
1059 2596 1076 2615 a
1098 2586 1268 2616 Mantitheo
1287 2585 1387 2615 editus
1407 2585 1532 2621 arbiter,
1549 2585 1579 2616 in

914 2639 1006 2659 causa
1026 2629 1167 2665 nominis,
1187 2630 1241 2658 sed
1265 2639 1283 2658 a
1305 2629 1416 2658 Boeoto
1436 2631 1580 2668 rejectus-

915 2675 1010 2707 1021,
1028 2674 1079 2702 16.

874 2715 1005 2749 Xennis,
1022 2714 1133 2743 ancilla
1147 2715 1276 2743 Neaerae.
1292 2715 1387 2750 1386,
1406 2716 1437 2745 8.

873 2758 977 2792 Xeno,
994 2758 1163 2786 foenerator.
1183 2758 1257 2791 948,
1274 2758 1325 2786 16.

873 2799 1073 2833 Xenoclides,
1096 2798 1301 2833 Atheniensis,
1319 2803 1420 2836 poeta,
1436 2804 1530 2830 artem
1550 2799 1582 2829 in

915 2841 1097 2872 Macedonia
1113 2851 1272 2878 exercens,
1287 2852 1304 2871 a
1319 2841 1462 2882 Philippo
1478 2844 1584 2880 jussus

917 2890 964 2914 est
985 2884 1095 2914 finibus
1111 2884 1174 2914 suis
1196 2884 1356 2924 emigrare,
1380 2885 1459 2924 qnod
1479 2885 1584 2924 Hege-

917 2927 1052 2966 sippum,
1077 2930 1240 2962 oratorem,
1264 2927 1325 2966 ipsi
1351 2928 1506 2963 infestum,
1531 2929 1586 2957 ho-

918 2970 1010 3008 spitio
1020 2969 1206 3010 excepisset.
1216 2972 1289 3007 447,
1304 2973 1354 3003 11.
1370 2971 1482 3002 amavit
1493 2972 1582 3002 Neae-
