1910 3187
601 147 1095 200 DEMOSTHENEAE.

162 267 219 291 τες.
233 259 306 294 206,
325 260 376 289 15.
397 258 562 289 εὔνοιανῖσην
573 256 737 288 ἀποδιδόναι.
751 257 827 290 226,

165 303 216 330 10.
239 300 349 341 προτοῦ
367 313 430 336 τους
453 301 542 343 ἕρκους
557 300 711 330 ἀποδοῦναι.
728 298 829 337 prius-

164 354 252 382 quam
272 345 486 383 jusjurandum
509 344 651 378 dixisset,
673 341 756 380 quod
781 340 828 369 di·

165 387 294 416 cendum
312 388 370 417 sibi
394 393 474 417 esset
498 385 680 416 necessario.
703 386 778 419 254,
796 386 826 414 5.

165 427 198 458 τὸ
211 431 295 482 χάριν
309 430 453 460 ἀποδοῦναι
467 427 630 469 παρανόμων
641 427 744 467 γράφῃ.
736 428 828 461 .,267

166 473 197 501 6.
221 483 284 505 τους
309 472 397 512 ἕρκους
421 471 537 502 ἀποδοίη
564 470 671 504 αὐτοῖς.
695 470 829 498 deferret

162 515 589 553 jurandiconditionem.443,
602 514 651 542 15.
666 514 829 542 ‘ravum-rn-

166 557 255 597 μένων
269 557 301 597 ἐξ
320 559 408 599 ἀρχῆς
429 557 467 597 τῇ
481 567 541 594 γουν
560 555 639 595 ἑορτῇ
663 554 830 585 ἀπεδώκατε

167 599 244 631 εἶναι.
259 606 292 630 ut
310 601 360 639 qui
373 604 460 629 antea
477 598 690 638 possedissent
708 608 748 631 ea
763 608 830 628 rur·

168 654 221 673 sus
237 649 371 673 tenerent
384 652 440 681 per
455 642 524 671 dies
543 642 641 671 festos
657 641 790 677 saltim,'
782 651 830 679 ip-

169 686 212 715 sis
233 685 429 720 attribuistis,
452 684 663 724 adjudicastis.
686 685 830 719 518,17.

166 770 256 809 λάξας
274 770 321 799 καὶ
335 772 376 800 νῦν
390 770 593 804 ἀννοδεδοιιιιὶιςε
583 771 659 809 υμῖν.
675 769 831 799 reservavi

167 813 254 843 vobis
272 820 303 842 et
324 823 402 843 nunc
423 814 511 843 vobis
535 813 625 851 hujus
641 812 721 851 ,iuris
744 823 831 842 exer-

165 856 267 892 cendi,
282 855 348 886 h.e.
364 867 464 896 poenae
481 856 697 895 exsequendae,
712 855 831 894 copiam

165 899 235 933 feci,
253 903 286 928 ut
300 909 355 938 par
371 903 446 936 erat,
470 900 583 939 quippe
604 899 684 938 quod
705 900 754 937 jus
781 908 832 927 ve-

165 945 261 972 strum
275 948 357 972 esset
368 948 458 982 atque
470 942 557 972 vobis
569 942 742 971 deberetur.
759 942 833 976 527,

167 985 198 1014 9.
221 987 307 1024 παρὰ
329 987 378 1015 τοῦ
401 987 436 1026 (a
452 995 581 1025 quonam
591 983 618 1024 Ρ)
639 984 768 1024 προσήκει
783 994 833 1032 μοι

165 1038 214 1058 την
222 1025 360 1069 τιμωρίαν
373 1026 577 1064 ἀποδοθῆναι,’““
555 1040 590 1057 ων
601 1025 742 1057 πεπονθα.
757 1026 835 1064 inju-

166 1069 279 1100 riarum
294 1072 367 1101 mihi
382 1072 551 1101 oblatarum
566 1080 672 1110 poeuas
690 1069 834 1108 dependi.

167 1114 244 1148 539,
256 1116 288 1144 7.
310 1116 365 1147 τὰς
378 1113 545 1166 ἐπιστολὰς
558 1114 606 1143 οἰκ
618 1109 821 1142 ἀποδίδωσιν
794 1123 836 1140 ου-

168 1167 227 1191 Τῦς»
243 1155 276 1190 ἃς
290 1156 377 1190 ἔλαβε
391 1156 460 1197 παρ’
473 1156 553 1196 ἐμοῦ.
577 1159 651 1191 909,
667 1157 718 1186 19
740 1154 836 1184 ἀποδι-

170 1199 241 1228 δόναι
257 1201 304 1229 τῆν
320 1200 416 1240 τιμήν.
440 1200 484 1229 rei
500 1199 630 1238 pretium
645 1197 834 1237 persolvere.

170 1244 265 1276 1030,
287 1245 338 1273 23.
364 1243 378 1272 ἦ
400 1242 477 1282 τύχη
500 1240 565 1281 πρὸς
584 1240 617 1270 τό
639 1240 693 1271 δέον
718 1238 836 1269 ἅπαντα

167 1284 376 1323 ὁμολογούμενα
398 1285 548 1315 ἀπέδωκεν.
572 1284 686 1318 effecit,
709 1288 753 1317 ut,
768 1293 836 1321 quae

168 1337 341 1366 repugnare
362 1327 549 1362 viderentur,
570 1327 651 1357 inter
682 1337 714 1355 se
738 1326 837 1355 amice

167 1370 353 1409 conspirent,
368 1380 429 1409 quo
444 1370 489 1406 id,
505 1371 585 1408 quod
602 1373 736 1408 oportet,
752 1369 837 1398 exsi-

169 1417 273 1442 steret.
289 1414 383 1447 1405,
404 1415 456 1443 20.
496 1413 534 1452 u)
557 1413 725 1452 assignare,
741 1412 837 1450 depu-

170 1459 246 1491 tare,
266 1456 421 1495 delegare,
442 1456 595 1491 mandare,
612 1455 797 1496 adjudicare.
815 1454 836 1483 εἰ

170 1499 230 1532 τοῖς
250 1497 530 1538 μὲν-ἒπιτάττειν
544 1498 718 1529 ἀποδώσετε.
735 1500 787 1533 27,
808 1500 837 1526 1.

170 1540 266 1590 ὥσπερ
281 1541 327 1580 τῷ
340 1541 437 1574 λαβεῖν
449 1540 599 1572 ἐκκλησίαν
611 1541 837 1579 ἀποδεδωκαμεν,

169 1581 242 1613 οὕτω
255 1585 302 1614 καὶ
314 1584 376 1623 περὶ
390 1585 440 1613 τοῦ
454 1583 656 1636 συνταχθῆναι.
673 1586 747 1619 167,
762 1586 794 1613 6.
809 1589 838 1614 et

173 1629 204 1656 8.
227 1628 291 1661 τοὺς
305 1626 402 1667 ἐχθρὰ
418 1628 571 1660 ποιοῦντας
590 1638 615 1657 εν
636 1626 733 1668 ἐχθροῦ
755 1625 839 1667 μοίρα

170 1669 298 1710 κολάζειν
309 1669 478 1699 ἀπέδωκεν
466 1682 478 1699 ο
492 1670 582 1709 νόμος.
607 1670 756 1709 permisit,
776 1678 839 1705 aut,

169 1713 222 1749 jus
251 1712 389 1742 debitum
418 1713 565 1742 reddidit.
589 1715 664 1748 638,
691 1717 721 1745 6.
748 1713 771 1741 εἰ
796 1715 839 1749 μή

171 1753 327 1786 ἐπείσθητε
341 1757 389 1785 καὶ
408 1756 497 1785 πάλιν
510 1755 631 1786 ἀπέδοτε
649 1757 713 1789 τοὺς
729 1756 840 1794 στεφά-

172 1809 229 1832 νους
248 1799 354 1832 αὐτοῖς.
378 1800 473 1834 1330,
495 1801 547 1829 21.
581 1799 617 1828 Ιιι
637 1799 749 1834 medio,
768 1809 840 1827 ven-

172 1841 257 1870 dere.
271 1841 327 1882 οὗχ
349 1841 384 1875 ὡς
402 1840 687 1879 ἀποδωσομένωνγτιὶ
706 1840 841 1880 ὑμέτερα,

174 1883 243 1913 ἀλλ’
254 1885 291 1919 ὡς
305 1883 483 1924 φυλαξόντων
499 1887 559 1917 τοῖς
573 1885 680 1918 ἄλλοις.
697 1887 770 1919 344,
789 1887 840 1915 24.

173 1925 361 1957 ἀποδίδοσθαι
377 1928 536 1967 χρημάτων
552 1926 678 1957 τάληθῆ.
695 1929 771 1962 349,
789 1930 840 1957 24.

174 1969 242 2008 ὑμῖν
256 1968 280 1998 δ’
291 1969 310 1998 ἃ
327 1970 376 1999 καὶ
389 1968 499 2003 δικαίως
512 1970 545 1998 ἀν
560 1968 592 1999 ἐκ
605 1972 655 2003 τῆς
669 1970 765 2008 εἰρήνης
780 1970 841 1999 ὑπ-

175 2011 248 2052 ῆρξε,
271 2011 357 2042 ταῦτ’
378 2012 442 2042 ἀνθ’
461 2009 496 2041 ὧν
517 2012 652 2043 ἀπέδοντο
673 2011 745 2042 οὗτοι
767 2012 842 2050 λογί-

175 2053 273 2094 ζεσθε.
290 2057 365 2091 369,
381 2055 434 2084 ult.
457 2055 485 2084 οὗ
505 2057 560 2094 γὰρ
575 2056 670 2089 αὐτοῖς
685 2054 843 2086 ἀπεδίδοντο

175 2099 225 2128 τὴν
238 2097 329 2128 αὐτῶν
343 2096 510 2137 ἐλευθερίαν.
523 2100 598 2134 689,
615 2103 641 2127 1.
665 2098 844 2136 εἰσαγγελίαν

177 2139 367 2170 ἀποδίδοσθαι.
389 2142 530 2170 mercede
547 2151 579 2170 se
601 2142 668 2179 pati
692 2142 843 2181 corrumpi

177 2183 213 2210 ad
228 2184 399 2219 tacendum,
415 2189 446 2212 et
460 2184 713 2222 supprimendum
727 2185 843 2215 denun-

177 2225 351 2260 ciationem,
366 2236 456 2264 quarn
471 2227 540 2264 quis
554 2226 642 2255 alteri
656 2227 785 2256 minatus
795 2238 843 2257 es-

178 2272 235 2296 set.
253 2270 328 2303 784,
345 2271 394 2298 16.
411 2268 524 2297 collato
541 2278 631 2298 versu
647 2271 697 2299 13.
714 2281 761 2299 ουκ
773 2270 844 2300 ἀπο-

177 2308 272 2339 δόσθαι
296 2314 335 2341 τα
355 2311 475 2350 πατρῷα
496 2323 530 2340 ων
552 2309 712 2349 ἐκομίζοντο
727 2313 846 2353 χρημά-

178 2363 242 2383 των.
258 2355 332 2388 986,
348 2357 399 2384 20.
422 2352 590 2392 ἀποδόμενος
604 2352 649 2382 τὸν
664 2355 845 2394 πολεμιστή-

177 2407 226 2435 ριον
246 2395 347 2426 ἵππον
365 2396 563 2428 καταβέβηκεν
584 2396 642 2427 ἀπὸ
664 2399 719 2426 τῶν
739 2396 844 2428 ἵππων.

177 2441 339 2477 1046,11.
363 2438 517 2469 ἀποδόσθαι
534 2438 566 2468 τὸ
583 2441 709 2478 πρᾶγμα
728 2439 847 2480 ἀργύριον

177 2479 313 2512 λαςόντα.
335 2485 431 2518 1323,
453 2484 504 2512 25.
527 2481 694 2520 ἀποδόμενος
713 2485 753 2513 τὰ,
776 2483 845 2513 δεινὰ

176 2525 274 2554 ταῦτα
288 2527 390 2565 μικροῦ
402 2526 752 2563 manaret-13:321&
774 2527 846 2556 ἀπο-

178 2566 280 2596 δόσθαι
291 2570 339 2599 τὴν
353 2568 478 2598 δεκάτην.
493 2568 729 2603 redemtoribus,
745 2569 846 2607 publi-

179 2610 263 2639 canis
276 2611 424 2641 decimam
435 2610 602 2652 (vectigal)
624 2621 680 2649 pro
696 2616 779 2642 certa
792 2622 847 2651 pa-

180 2655 229 2680 cta
257 2655 399 2683 mercede.
427 2654 570 2684 vendere.
599 2654 773 2693 verpachten
801 2654 847 2694 [to

181 2693 282 2733 larse]-
291 2698 398 2731 475,5
378 2707 408 2728 ο.

137 2737 367 2779 ἀποδιδράσκειν]
389 2741 431 2778 μῆ
444 2756 486 2761 --
495 2737 553 2770 ἀπο
568 2738 673 2769 τούτων
687 2739 846 2779 ἀποδράναι.

179 2779 332 2817 refugere.
347 2783 399 2815 91,
409 2784 440 2811 3.
463 2782 545 2820 ὑμεῖς
558 2780 582 2811 δ’
596 2782 797 2821 ἀποδράσεσθε
807 2784 845 2813 τὰ

181 2823 367 2861 πράγματα.
392 2826 465 2858 130,
481 2826 512 2854 5.
535 2824 583 2854 οὐκ
608 2824 718 2864 ἀπέδρα
741 2825 848 2856 ταύτην

182 2867 230 2894 τὲν
255 2865 416 2905 στρατείαν.
445 2868 518 2901 567,
539 2877 608 2905 pen.
632 2867 849 2906 ἀποδιδράσκειν

183 2910 230 2937 τὴν
245 2908 390 2938 ἀλήθειαν.
405 2909 631 2947 inquisitionem
646 2910 676 2939 in
689 2911 846 2940 veritatem

183 2951 227 2980 rei
244 2951 392 2982 devitare.
411 2954 503 2987 1024,
528 2954 577 2982 13.
602 2953 847 2993 ἀποδιδράσκουσιν

1514 147 1567 189 37

902 253 985 284 αὐτὸν
1005 252 1112 284 otae-ma
1133 255 1216 292 τρεῖς.
1243 255 1338 288 1248,
1358 255 1388 284 4.
1412 252 1456 282 ἵνα
1478 251 1506 283 δὲ
1527 255 1570 293 μῆ

903 296 1066 338 ἀποδρῶσιν,
1078 296 1179 329 αὐτους
1193 295 1285 326 δῆσαι.
1304 297 1463 331 1478,17.

861 338 1095 380 ἀποδοκιμάζειν]
1119 340 1180 372 τοῖς
1202 337 1543 378 ἀποδεδοκιμασμένοις”
1525 351 1573 379 αρ-

903 393 966 424 χειν
979 383 1130 423 λαχουσιν.
1144 383 1221 417 779,
1233 383 1263 410 4.
1281 381 1346 419 qui,
1357 382 1495 419 quamvis
1508 392 1573 411 sor·

906 431 936 455 te
951 425 1037 455 ducti
1056 426 1094 454 ad
1109 424 1320 463 magistratum
1337 424 1502 462 gerendum
1519 424 1572 454 de-

906 468 1013 498 stinati
1027 468 1166 503 fuissent,
1184 473 1282 497 tamen
1299 466 1437 495 scrutinii
1459 467 1575 497 severi-

906 515 998 541 tatem
1015 511 1096 540 haud
1112 511 1312 545 sustinentes,
1328 509 1485 548 reprobati
1501 510 1576 539 fuis-

906 562 984 584 sent.
1001 556 1048 585 τὴν
1063 555 1162 604 ἀρχὴν,
1176 552 1205 584 ἦν
1222 552 1338 593 ἔλαχεν,
1358 551 1577 591 ἀπεδοκιμάσα-

907 608 951 627 τε.
966 597 1159 636 magistratui
1175 596 1323 635 gerend0,
1343 595 1381 625 ad
1405 605 1493 633 quem
1511 605 1578 624 sors

908 650 977 670 eum
994 641 1199 679 delegaverat,
1212 639 1372 669 inhabilem
1386 637 1577 669 declarastis.

906 684 982 718 ¹790,
997 684 1049 712 18.
1071 682 1170 721 ζηλοῦν
1195 678 1251 721 μὲν
1272 693 1336 714 τους
1358 679 1513 713 πλείστους
1533 679 1579 718 φί-

908 731 971 759 λους
985 737 1034 754 και
1025 723 1272 758 βεβαιοτάτους”
1261 735 1391 764 εχοντας,
1402 723 1580 762 ἀποδοκιμά-

909 766 963 808 ζειν
979 768 1006 798 δὲ
1021 769 1086 801 τοὺς
1107 767 1191 808 [scil.
1213 767 1332 808 ἔχοντας
1350 764 1510 800 πλείστους
1531 766 1579 796 καὶ

907 811 1128 851 Βεβαιοτάτους]
1147 809 1280 851 ἐραστάς.
1296 812 1394 844 1402,
1409 811 1462 839 20.

865 853 1020 893 ἀπόδρασις
1034 852 1200 893 στρατείας.
1215 855 1291 888 568,
1307 854 1337 882 8.

866 895 1078 937 ἀποδύρεσθαι]
1101 898 1157 926 τῶν
1176 894 1362 935 γεγενημένων
1381 895 1422 923 ταὶ
1441 893 1580 923 πλεῖστα

910 940 1118 979 ἀποδυράμενος
1132 938 1198 980 πρὸς
1213 939 1302 978 ὑμας,
1315 938 1409 977 ὥσπερ
1423 934 1495 989 ῥέων
1505 938 1581 975 γενή

910 994 1012 1022 σομαι.
1028 984 1124 1016 1118,
1139 993 1208 1022 pen.
1218 980 1412 1020 ἀποδυρόμενοι
1425 977 1459 1009 δι’
1471 991 1509 1008 ων
1521 981 1582 1019 μά-

910 1024 993 1054 λιστ’
1005 1022 1175 1064 ἐλπίζουσιν
1186 1023 1395 1062 {Eanum-nereis
1386 1024 1473 1062 υμῖις.
1487 1025 1581 1057 1255,

914 1070 964 1097 17.
994 1067 1205 1107 ἀποδυρομενης
1226 1066 1324 1100 ἐκείνης
1343 1078 1383 1096 τα
1410 1065 1582 1104 συμβάντα.

913 1112 1008 1146 1278,
1032 1113 1082 1141 16.
1108 1110 1317 1150 ἀποδυράμενοι
1338 1109 1385 1138 καὶ
1412 1110 1452 1138 τοὶ
1470 1108 1582 1148 νόμιμα

913 1154 1079 1187 ποιήσαντες
1093 1153 1192 1182 ἄπιτε.
1211 1155 1304 1187 1400,
1320 1162 1388 1190 pen.

871 1195 1029 1236 ἀπόθετος]
1052 1198 1100 1226 τήν
1119 1193 1255 1224 ἀπόθετον
1275 1195 1336 1227 τοῖς
1355 1192 1512 1232 εὖεργέταις
1533 1193 1583 1222 δω-

913 1239 983 1278 ρεάν.
1005 1239 1080 1267 5οΙὶ5
1103 1242 1306 1271 reservatum,
1323 1240 1356 1265 ut
1378 1237 1537 1274 proprium
1553 1241 1584 1266 et

914 1282 1070 1319 peculiare
1086 1281 1211 1310 donum.
1228 1281 1325 1314 1376,
1340 1289 1410 1318 pen.

872 1322 1064 1363 ἀποθνήσκειν]
1087 1323 1140 1354 οὐδ’
1168 1322 1199 1352 Ξιν
1227 1323 1337 1356 δεκάκις
1359 1321 1488 1362 ἀποθάνῃ
1513 1321 1587 1352 οὐδὲν

913 1369 1028 1406 μᾶλλον
1049 1367 1132 1406 ὑμεῖς
1150 1377 1182 1404 γε
1205 1364 1366 1395 κινήσεσθε.
1390 1367 1444 1400 99,
1460 1366 1491 1395 5.
1515 1365 1537 1393 εἶ
1552 1365 1585 1395 τὸ

914 1409 961 1439 καὶ
977 1409 1010 1439 τὸ
1026 1408 1162 1444 ἐποίησεν,
1176 1409 1224 1438 οὐκ
1243 1408 1274 1438 ἂν
1289 1407 1447 1438 ἀπέθανεν.
1464 1409 1538 1443 308,
1555 1410 1586 1437 4.

914 1451 1006 1482 καίτοι
1025 1451 1105 1488 ὅστις
1122 1451 1223 1492 χιλίων
1247 1454 1369 1481 πολιτῶν
1385 1449 1588 1480 ἀποθανόντων

916 1494 1061 1536 ἐθάῤῥησε,
1077 1494 1108 1524 τί
1122 1493 1200 1530 οἶτος
1218 1493 1317 1525 παθεῖν
1335 1492 1396 1523 ὑπὸ
1413 1495 1467 1522 τῶν
1480 1493 1586 1533 ζώντων

916 1537 1016 1573 δίκαιός
1032 1537 1117 1577 {cn-13
1140 1541 1215 1574 314,
1231 1548 1304 1577 pen.

873 1580 1112 1621 ἀποθρασύνεσθαι
1143 1582 1204 1614 τοῖς
1236 1578 1412 1619 Βουλομὲνοις
1446 1578 1588 1609 τοσαύτην

915 1623 1062 1663 ἀτολμίαν
1087 1627 1100 1654 ἦ
1123 1625 1158 1654 σὴ
1185 1623 1342 1663 σωφροσύνη
1374 1622 1587 1663 παρεσκεύακεν.

917 1668 1060 1696 fidentius
1075 1667 1199 1703 audere,
1219 1677 1351 1700 sumere,
1369 1674 1512 1704 arrogare
1529 1665 1587 1695 sibi

918 1710 1012 1740 vetita
1027 1717 1058 1739 et
1072 1715 1191 1748 negata.
1207 1712 1301 1744 1407,
1321 1712 1371 1738 14.

875 1752 1085 1792 ἀποικοδομεῖν]
1102 1750 1371 1791 ἀποικοδομουμένην
1378 1752 1426 1780 τῆν
1437 1750 1587 1791 χαράδραν.

918 1796 1052 1825 canalem
1075 1795 1228 1835 oppositis
1252 1794 1448 1823 munimentis
1465 1795 1513 1824 vel
1536 1803 1588 1832 ag-

919 1839 1043 1876 geribus
1057 1840 1224 1868 occlusum.
1243 1839 1338 1872 1273,
1355 1839 1384 1867 6.
1407 1841 1437 1865 et
1454 1838 1483 1865 8.
1506 1838 1589 1874 ἅμα-

918 1881 1018 1921 ξιαίους
1047 1881 1136 1916 λίθους
1167 1878 1364 1922 προσκομίσας
1398 1879 1592 1918 ἀποικοδομεῖ.

920 1928 1015 1960 1277,
1030 1928 1080 1955 12.

874 1969 974 1998 ἄποινα
987 1966 1125 2007 ὠνόμαζον
1134 1967 1155 1996 οἱ
1168 1965 1284 1998 παλαιοὶ
1295 1967 1334 1995 τὰ
1346 1965 1500 2006 χρήματα.
1515 1967 1589 2000 630,

919 2022 987 2050 pen.

876 2054 988 2093 ἀποινᾷν
999 2053 1074 2082 τινά.
1085 2054 1122 2082 ab
1135 2052 1345 2091 aliquo,que1n
1359 2051 1493 2080 vinctum
1505 2054 1589 2079 tene-

920 2107 964 2130 as,
979 2107 1035 2134 per
1051 2096 1111 2124 vini
1128 2099 1314 2133 extorquere
1326 2094 1459 2133 pretium
1471 2094 1589 2123 redem-

921 2139 1023 2169 tionis.
1036 2140 1110 2174 629,
1129 2140 1181 2168 22.
1203 2139 1277 2171 650,
1293 2139 1346 2167 27.
1361 2137 1412 2166 ubi
1427 2136 1590 2175 exponitur

920 2193 976 2221 per
990 2192 1133 2223 χρηματα
1148 2179 1348 2234 πράττεσθαι.

877 2225 1128 2255 ἀποκαθιστάνειν
1153 2225 1202 2254 τὴν
1225 2224 1339 2262 πάτριον
1367 2220 1513 2252 πολιτείαν
1541 2222 1591 2250 καὶ

919 2269 984 2302 τοὺς
998 2268 1095 2306 νόμους
1109 2266 1158 2296 καὶ
1171 2278 1236 2300 τους
1250 2266 1366 2304 τάφους.
1382 2267 1494 2299 256,3
1474 2277 1504 2294 0.

878 2309 1036 2349 ἀποκαίειν]
1060 2310 1081 2338 οῖ
1109 2309 1195 2349 ἰατροὶ
1222 2307 1288 2339 ὅταν
1309 2307 1593 2347 καρκῖνονψ-ίδωσιν,

921 2352 1098 2383 ἀπέκαυσαν.
1114 2354 1190 2386 798,
1205 2353 1259 2380 24.

878 2395 1046 2434 ἀποκαλεῖν]
1064 2404 1119 2433 per
1132 2397 1317 2423 contemtum
1334 2391 1462 2421 ludibrii
1477 2395 1509 2420 et
1523 2403 1593 2430 pro-

923 2439 968 2468 bri
985 2448 1058 2477 ergo
1073 2437 1269 2476 appellitare.
1281 2435 1469 2474 λογογράφους
1482 2435 1529 2463 καὶ
1545 2446 1592 2464 σο-

922 2483 1032 2519 φιστὰς
1053 2481 1204 2509 ἀποκαλῶν
1224 2490 1289 2511 τους
1306 2479 1420 2511 ἄλλους·
1445 2480 1520 2513 417,
1537 2478 1592 2508 ult.

923 2522 1058 2564 βάρζαρον
1074 2534 1122 2552 και
1137 2523 1287 2561 ἀλάστορα
1298 2520 1345 2550 τὸν
1357 2519 1505 2551 Φίλιππον
1521 2521 1593 2550 ἀπο.-

921 2569 1024 2596 καλῶν.
1041 2568 1115 2600 438,
1130 2576 1201 2605 pen.
1219 2564 1262 2598 οὓς
1274 2576 1315 2594 νυν
1329 2563 1430 2605 υβρίζει
1449 2575 1496 2592 και
1512 2574 1593 2593 πτω-

922 2621 993 2650 χους
1007 2610 1158 2640 ἀποκαλεῖ.
1173 2608 1248 2643 582,
1266 2611 1319 2637 11.

881 2651 1066 2692 ἀποκεῖσθαι]
1089 2651 1181 2681 καίτοι
1194 2650 1248 2688 ἕκτῳ
1259 2661 1299 2679 τα
1313 2650 1368 2679 τῶν
1375 2648 1536 2678 Ἐλληνων’
1521 2661 1592 2678 ατυ-

923 2707 1054 2737 χηματα
1072 2683 1251 2732 ἐνευδοκιμεῖν
1268 2691 1416 2721 ἀπέκειτο.
1435 2698 1593 2722 reservata

925 2744 1021 2773 erant,
1047 2743 1099 2767 ant
1127 2738 1153 2766 is
1175 2736 1234 2765 sibi
1266 2741 1492 2765 reservaverat.
1516 2737 1592 2771 294,

924 2785 975 2812 14.
992 2780 1047 2819 δ’τᾳι
1065 2778 1144 2810 ποτὲ
1159 2779 1216 2808 τῶν
1234 2777 1367 2808 ἁπάντων
1386 2776 1548 2811 ἀπόκειται,
1565 2779 1593 2808 οὖ

925 2823 1077 2864 προδηλον’
1069 2822 1105 2853 όν.
1124 2832 1190 2851 cum
1208 2831 1314 2860 parum
1330 2824 1459 2855 constet,
1476 2820 1545 2858 quis
1565 2822 1592 2850 is

925 2867 975 2901 sit,
990 2876 1080 2905 quem
1096 2876 1162 2894 sors
1179 2874 1216 2893 ea
1230 2868 1361 2899 maneat,
1373 2868 1404 2892 ut
1419 2862 1506 2892 venia
1515 2873 1594 2902 opus

923 2910 1043 2940 habeat.
1060 2910 1135 2942 633,
1152 2909 1203 2938 26.
1226 2906 1293 2937 ἔνδον
1308 2903 1488 2946 ἀποκείμενος
1503 2917 1593 2941 σιτος.

926 2953 981 2981 sub
994 2951 1156 2982 claustris
1145 2961 1253 2989 Jacens
1266 2954 1466 2984 asservatum,
1477 2949 1508 2978 in
1526 2949 1593 2980 lior-
