1822 3187
203 172 289 213 332

213 277 366 318 Olynthus
380 287 399 308 a
414 276 586 314 Timotheo,
599 279 700 319 copiis
711 285 802 310 aucto
816 281 922 310 Mace-

255 320 388 356 donicis,
411 322 537 351 subacta
559 322 626 353 fuit.
649 326 702 357 22,
726 325 756 354 5.
802 324 919 363 Philip-

257 373 317 403 pus
333 374 402 393 eum
419 365 549 400 excidit,
571 376 671 405 eoque
688 367 770 396 facto
787 367 921 397 celebra-

257 407 304 436 vit
330 407 487 446 Olympia.
512 411 588 449 401,
607 412 657 439 12.
679 410 889 448 expeditionis
905 419 922 438 a

258 449 420 480 Timotheo
444 450 594 481 adversus
626 453 794 491 Olynthum
817 463 922 482 susce·

259 497 322 531 ptae
333 493 444 523 mentio
457 494 489 524 fit
504 504 534 533 p.
553 496 628 530 578,
642 497 672 525 3.
684 496 821 525 fortunas
835 497 923 534 hujus

256 536 361 575 populi
379 543 496 567 enarrat
512 538 659 567 Libanius
677 549 793 578 argum.
807 539 921 569 oratio·

259 578 307 608 nis
322 578 428 617 primae
441 580 470 609 in
484 581 689 618 Olynthiacis.

216 621 421 660 Ophryuium,
434 624 583 662 oppidum
593 623 743 661 Thraciae,
754 629 846 654 terrae
860 634 924 653 mo-

257 668 291 694 tu
306 674 458 695 eversum.
474 668 549 702 899,
572 670 602 696 1.

217 707 440 738 Orchomenum
451 715 481 739 et
494 711 665 740 Coroneam
677 710 812 740 Thebani
825 721 841 739 a
851 710 925 740 Phi-

259 750 348 790 lippo
378 752 594 791 impetrabant.
629 756 682 788 62,
711 755 762 783 16.
788 755 843 788 69,
875 755 925 782 10.

262 794 339 823 hanc
364 799 395 824 et
420 796 583 835 Thespias,
612 807 680 826 cum
705 796 845 832 Plataeis,
873 796 925 825 de-

261 841 437 868 struxerant
448 839 602 875 Thebani,
619 840 795 879 superiores
809 839 880 868 sacti
894 839 924 868 in

261 880 343 910 bello
358 891 428 911 cum
451 882 713 919 Lacedaemoniis3
740 893 843 912 verum
861 891 926 911 rur-

261 932 315 952 sus
325 924 505 954 restauratis
515 924 844 958 illis,debilitabantur.
852 926 927 960 203,

262 967 293 994 4.
308 965 348 994 de
360 965 486 994 excidio
503 967 840 1007 Orchomeni,ejusque
856 977 926 996 cau-

261 1008 303 1036 sis
320 1018 349 1037 v.
367 1008 487 1038 Simson
507 1009 545 1038 ad
561 1010 688 1049 Olymp.
704 1011 791 1046 CIV,
808 1014 838 1039 1.
861 1020 927 1040 eam

260 1050 346 1080 refici
375 1051 498 1081 assidue
525 1052 660 1082 instabat
690 1054 926 1082 Demosthenes.

262 1095 338 1128 208,
356 1096 407 1124 18.
443 1094 620 1134 Philippus,
642 1095 716 1125 belli
732 1095 859 1125 Phocici
882 1095 928 1124 vi-

261 1142 328 1165 ctor
343 1136 454 1173 factus,
469 1148 535 1167 eam
549 1138 736 1174 devastavit,
760 1143 790 1168 et
813 1137 928 1167 incolas

263 1180 320 1208 sub
337 1189 449 1210 corona
464 1180 615 1210 vendidit.
626 1183 702 1216 375,
720 1185 772 1211 11.
789 1182 863 1216 445,
876 1184 928 1210 21.

263 1222 418 1252 Thebanis
443 1223 541 1253 solum
566 1224 703 1254 donavit.
732 1226 808 1261 385,
831 1226 862 1255 5.
889 1223 929 1253 de

264 1265 364 1304 prima
381 1268 558 1296 vastatione.
572 1269 648 1302 490,
663 1270 713 1296 10.

223 1309 337 1337 Oreum
363 1309 526 1348 Philippus
551 1310 726 1348 proditione
749 1309 843 1348 cepit,
871 1319 928 1339 non

264 1351 360 1380 multo
384 1357 453 1381 ante
468 1352 583 1383 dictam
599 1352 765 1382 orationem
781 1353 820 1382 de
836 1354 929 1381 rebus

265 1393 296 1423 in
313 1394 538 1425 Cllerrhoneso.
562 1405 630 1434 quae
655 1396 751 1425 oratio
778 1395 860 1424 dicta
883 1400 931 1424 est

262 1446 340 1465 anno
354 1438 444 1467 tertio
461 1438 586 1477 Olymp.
603 1439 694 1468 CIX.
711 1441 764 1473 94,
784 1440 833 1469 13.
855 1440 931 1473 104,

263 1480 294 1509 8.
311 1482 385 1515 113,
402 1483 453 1511 24.
467 1482 549 1511 Oreo
563 1481 758 1511 Philistidem
771 1485 930 1519 tyrannum

264 1522 423 1561 imposuit.
446 1527 522 1562 119,
546 1527 598 1554 22.
625 1526 698 1560 126,
721 1526 751 1554 3.
777 1526 849 1559 133,
878 1527 930 1554 27.

262 1565 479 1603 Athenienses,
503 1573 627 1598 auctore
644 1568 864 1602 Demosthene,
879 1578 930 1597 co-

263 1609 326 1647 piis
339 1620 375 1639 eo
391 1611 508 1646 missis,
525 1611 720 1640 Philistidem
738 1611 930 1651 depulerunt,

265 1653 394 1692 ejusque
407 1654 528 1693 legatos
540 1654 569 1684 in
586 1655 704 1684 Urbem
721 1654 831 1684 missos
846 1654 930 1683 abire

260 1695 431 1733 jusserunt,
443 1708 500 1736 pro
509 1697 651 1727 hostibus
662 1698 844 1727 declaratos.
856 1698 930 1732 252,

266 1739 298 1767 7.
327 1744 358 1769 et
384 1742 437 1770 18.
493 1741 590 1771 Oritae
629 1745 766 1779 quartam
804 1741 931 1771 Enboeae

264 1786 384 1819 partem
394 1783 549 1814 tenebant.
565 1786 640 1819 691,
658 1787 709 1813 11.

222 1825 358 1863 Oropus.
418 1826 566 1866 Phiiippo
593 1826 692 1856 dediti
719 1825 772 1865 qui
802 1826 931 1856 Athenis

266 1872 382 1904 essent,
398 1869 429 1898 hi
445 1870 564 1899 civibus
584 1873 768 1909 persuasum*
786 1869 881 1903 ibant,
905 1870 930 1898 si

265 1910 430 1951 Philippus
454 1913 549 1942 semel
570 1912 648 1941 intra
670 1912 765 1951 Pylas
780 1912 931 1942 admissus

267 1957 359 1989 esset,
391 1955 469 1989 fore,
492 1960 525 1985 ut
558 1956 694 1994 Oropum
721 1959 753 1983 et
783 1955 929 1984 Euboeam

267 1996 507 2028 Atheniensibus
531 2008 588 2037 pro
612 1997 790 2036 Amphipoli
805 1998 931 2026 restitu—

267 2045 342 2069 eret.
359 2041 414 2076 73,
434 2042 464 2071 9.
487 2043 563 2075 348,
580 2044 611 2071 7.
628 2043 704 2076 446,
721 2044 750 2070 1.
793 2041 931 2069 Thebani

266 2083 403 2122 Oropum
422 2083 674 2118 Atheniensibus,
692 2084 774 2113 bello
792 2083 930 2112 Leuctri-

267 2136 305 2154 co
340 2126 556 2164 praevaleutes,
611 2126 793 2166 eripiebant,
840 2136 929 2165 quam

266 2168 381 2198 Athen.
398 2179 457 2199 non
473 2174 702 2208 recuperarunt.
720 2171 795 2204 204,
811 2170 863 2198 25.
878 2169 932 2199 do-

266 2221 323 2240 nee
338 2212 459 2242 tandem
476 2213 651 2252 Philippus,
662 2212 815 2242 Thebanis
827 2212 930 2241 adem-

267 2259 340 2289 tam,
353 2255 488 2285 restituit
502 2256 750 2286 Atheniensibus.
772 2255 875 2284 Schol.
892 2256 930 2285 ad

267 2307 300 2336 p·
319 2299 393 2333 259,
410 2301 461 2328 10.
477 2298 528 2328 0111
545 2299 621 2328 11300
635 2299 672 2328 de
688 2300 794 2337 Oropo
807 2302 930 2328 conten·

265 2340 380 2370 tionem
400 2341 542 2380 pluribus
566 2342 759 2380 exsequitur.
804 2341 931 2370 Atheni-

267 2394 356 2413 enses
370 2383 399 2412 in
412 2394 489 2422 pace
499 2395 568 2414 cum
584 2384 734 2423 Philippo
750 2388 821 2422 post
836 2384 931 2423 Olyn-

267 2426 351 2456 thum
369 2427 507 2457 excisam
530 2428 611 2457 facta
624 2427 775 2458 Thebanis
790 2428 928 2466 Oropum

267 2469 496 2507 permittebant.
513 2471 565 2505 63,
582 2474 633 2501 12.
647 2472 721 2504 204,
739 2472 791 2499 22.
807 2472 882 2505 206,
899 2472 929 2498 7.

269 2513 319 2541 18.
336 2517 364 2541 et
382 2514 432 2542 23.
478 2513 627 2543 Chabrias
650 2523 745 2552 super
759 2513 866 2551 Oropo
879 2523 929 2542 ca-

267 2555 342 2594 pitis
356 2555 417 2584 suit
432 2560 606 2585 accusatus.
652 2557 698 2585 Eo
710 2555 789 2584 enim
806 2561 930 2586 auctore

265 2598 469 2628 Athenienses
513 2597 666 2628 Thebanis
711 2599 929 2628 subvenerant.

267 2641 362 2679 Cujus
383 2641 480 2671 studii
504 2641 631 2680 gratiam
652 2641 729 2670 hanc
743 2641 928 2677 referebant,

267 2689 300 2713 nt
315 2686 453 2723 Oropum
477 2685 641 2723 eriperent.
676 2694 736 2723 quo
753 2685 878 2718 factum,
896 2690 930 2714 ut

264 2727 412 2757 Chabrias
434 2727 613 2758 collusionis
631 2727 829 2757 clandestinae
860 2738 927 2757 cum

265 2769 418 2800 Thebanis
430 2771 668 2801 insimularetur.
683 2772 757 2806 535,
772 2773 821 2800 10.
834 2769 927 2799 Schol.

557 2899 593 2928 P.

220 2983 352 3021 Pagasas
370 2982 398 3010 in
419 2983 599 3013 Macedonia
617 2984 785 3023 Philippus
803 2985 924 3015 obside·

579 171 775 214 INDEX
810 172 1293 214 GEOGRAPHICUS

999 281 1060 310 bat.
1077 284 1130 316 11,
1146 283 1194 311 18.
1238 280 1376 310 Thessali
1401 280 1442 310 ab
1465 289 1503 310 00
1522 290 1665 320 reposce-

999 324 1082 354 bant.
1096 326 1149 360 15,
1168 325 1218 353 18.
1238 326 1292 359 21,
1307 326 1359 354 14.
1404 322 1600 362 Pagasiticus
1625 324 1665 353 si-

998 377 1067 396 nus.
1083 369 1157 402 159,
1169 368 1222 397 26.
1248 368 1436 397 Memoratur
1445 366 1504 396 hoc
1519 366 1667 406 oppidum

999 420 1122 449 quoque
1139 420 1169 449 p.
1186 411 1263 445 392,
1281 412 1334 439 ⁸21.

961 454 1279 488 Panaotum,castrum
1290 453 1321 482 iu
1334 462 1408 492 agro
1426 451 1540 482 Attico.
1551 451 1669 489 446‚3.

1002 498 1097 532 125⁷,
1111 500 1141 527 4.
1157 496 1278 526 Corsin.
1294 497 1329 525 F.
1346 497 1386 526 A.
1400 496 1428 525 I.
1442 506 1472 535 p.
1489 497 1562 526 257.

958 539 1122 575 Pandosia,
1133 540 1278 579 oppidum
1291 539 1458 578 Cassopiae.
1475 541 1528 574 84,
1546 540 1598 568 22.

960 582 1200 622 Panticapaeum,
1255 582 1405 621 oppidum
1461 580 1668 611 cherrhonesi
1715 619 1718 622 Ι

1003 624 1176 654 Cimbricae.
1187 626 1261 660 933,
1274 629 1326 656 12.

961 667 1103 703 Pedium,
1145 672 1261 698 tractus
1296 668 1419 707 quidam
1457 667 1521 707 agri
1559 664 1668 702 Attici.

1005 713 1101 747 1187,
1119 713 1172 741 20.
1190 742 1193 747 ,

961 753 1058 789 Pella,
1085 753 1234 792 oppidum
1264 752 1470 788 Macedoniae,
1497 752 1548 782 ubi
1579 756 1668 782 natus

1002 796 1062 826 suit
1086 797 1266 837 Philippus,
1293 797 1330 825 ab
1364 796 1474 825 Athen.
1503 795 1667 825 admodum

1001 844 1189 870 contemtum
1215 845 1247 869 et
1275 839 1379 869 sannis
1408 838 1591 868 traductum.
1614 839 1670 874 78,

1006 884 1059 912 13.
1074 884 1150 918 017,
1168 884 1219 912 16.

960 925 1099 959 Pellene,
1115 925 1263 964 oppidum
1280 924 1415 960 Achaiae,
1439 926 1477 954 ab
1490 923 1669 955 Alexandro

1006 969 1050 997 M.
1067 968 1210 997 libertate
1222 967 1371 1007 privatur.
1388 969 1463 1003 214,
1480 969 1532 996 17.

964 1011 1206 1049 Peloponnesus.
1228 1010 1457 1050 expeditionem
1480 1010 1554 1040 illuc
1570 1010 1672 1040 ani·

1003 1054 1090 1093 lippo
1110 1057 1257 1082 tentatam
1284 1053 1518 1091 interceperunt
1543 1053 1672 1091 legatio-

1005 1106 1059 1125 nes
1083 1095 1304 1125 Demosthenis
1325 1095 1518 1136 aliorumque
1544 1095 1672 1126 Athenis

1006 1138 1043 1167 ad
1060 1137 1203 1168 civitates
1219 1138 1389 1178 Peloponn.
1400 1138 1573 1168 missorum.
1596 1140 1672 1175 129,

1006 1183 1059 1211 16.
1076 1183 1151 1215 252,
1170 1185 1198 1211 1.
1245 1181 1452 1221 Peloponnesi
1464 1182 1593 1212 fortunae
1601 1186 1675 1220 post

1007 1224 1202 1254 Leuctricam
1218 1234 1361 1263 pugnam.
1377 1226 1453 1258 231,
1469 1227 1500 1255 4.

963 1266 1170 1306 Peparethus,
1199 1267 1298 1307 AEgaei
1321 1268 1413 1297 maris
1438 1267 1550 1302 insula,
1575 1277 1674 1306 prope

1005 1311 1209 1346 Thessaliam,
1236 1321 1254 1340 a
1270 1311 1417 1349 Philippo
1433 1310 1490 1340 fuit
1503 1310 1674 1340 devastata.

1008 1356 1082 1389 16⁴2,
1094 1356 1124 1383 7.
1141 1356 1216 1389 248,
1227 1355 1258 1383 5.
1277 1359 1443 1383 mercatum
1465 1353 1528 1382 vini
1544 1363 1672 1383 exerce—

1007 1397 1058 1426 bat
1074 1397 1104 1426 in
1122 1398 1264 1426 Pontum.
1277 1398 1584 1432 935,8.1uemoratur
1598 1405 1675 1435 quo-

1010 1450 1070 1478 que
1085 1450 1116 1479 p.
1129 1442 1227 1474 1110,
1242 1441 1274 1470 7.

965 1482 1129 1512 Perinthus
1145 1492 1162 1511 a
1179 1482 1326 1521 Philippo
1337 1483 1463 1512 obsessa
1476 1481 1624 1511 liberatur
1636 1483 1673 1511 ab

1008 1526 1092 1555 Asiae
1103 1525 1244 1565 satrapis.
1262 1527 1337 1561 153,
1351 1527 1403 1555 23.

966 1568 1123 1598 Pharsalii
1143 1579 1161 1598 a
1184 1568 1332 1608 Philippo
1358 1568 1471 1598 Halum
1496 1567 1578 1597 dono
1592 1568 1674 1598 acei-

1008 1612 1109 1651 piunt.
1124 1613 1198 1647 152,
1221 1614 1252 1641 4.
1279 1621 1383 1641 eorum
1400 1621 1468 1641 cum
1485 1611 1675 1641 Halensibus

1009 1655 1228 1684 contentiones.
1243 1657 1318 1689 352,
1333 1658 1387 1685 17.

967 1697 1129 1728 Phaselus.
1175 1698 1340 1728 Phaselitae
1370 1698 1561 1727 habebantur
1588 1700 1674 1726 vete-

1005 1746 1134 1775 ratores,
1168 1740 1363 1781 impostores,
1392 1740 1569 1776 mendaces,
1598 1750 1672 1780 per·

1005 1784 1079 1822 Juri.
1097 1786 1171 1820 903,
1187 1787 1215 1814 1.

967 1827 1088 1857 Phasis.
1111 1828 1316 1857 Athenienses
1340 1826 1485 1856 dicuntur
1505 1826 1675 1856 Amazonas

1009 1870 1088 1900 ultra
1105 1871 1218 1900 Phasin
1235 1871 1393 1909 rejecisse.
1407 1872 1503 1905 1391,
1518 1871 1550 1900 3.

966 1913 1081 1943 Pheras
1104 1913 1268 1952 Philippus
1282 1913 1423 1942 libertate
1439 1912 1584 1952 privavit,
1595 1911 1673 1941 arci-

1010 1966 1068 1994 que
1093 1957 1272 1994 praesidium
1289 1955 1444 1994 imposuit.
1462 1957 1515 1990 84,
1529 1957 1581 1985 19.
1597 1956 1673 1990 104,

1010 2001 1040 2028 9.
1057 1998 1133 2038 [quo
1146 2009 1162 2027 e
1177 1999 1245 2029 loco
1262 2004 1392 2033 constat,
1415 1999 1446 2029 id
1460 1998 1586 2032 factum,
1602 2002 1674 2037 post

1009 2047 1128 2080 captain
1145 2042 1326 2080 Olynthum,
1338 2042 1421 2071 Oreo
1431 2041 1564 2071 nondum
1581 2051 1673 2070 0000-

1009 2083 1105 2123 pata.]
1125 2085 1262 2120 113,21.
1279 2085 1433 2122 133,pen.
1479 2083 1589 2113 Pheris
1599 2083 1673 2113 Phi-

1006 2127 1111 2166 lippus
1128 2137 1236 2166 pacem
1252 2137 1320 2156 curn
1348 2127 1461 2157 Athen.
1472 2127 1672 2165 jurejurando

1009 2169 1121 2199 sanxit.
1136 2172 1211 2206 390,
1223 2172 1276 2200 27.
1290 2180 1351 2209 quo
1362 2176 1501 2209 ternpore
1510 2169 1672 2210 Philippus

1008 2213 1064 2242 hac
1080 2213 1119 2242 de
1136 2223 1210 2252 pace
1222 2218 1338 2252 ageret,
1354 2213 1476 2242 Pheraei
1486 2213 1524 2242 ab
1538 2214 1606 2252 eJus
1620 2222 1670 2242 so-

1007 2256 1119 2286 cietate
1128 2256 1321 2285 deficiebant.
1335 2258 1411 2291 444,
1426 2257 1457 2285 4.

964 2298 1266 2338 Pherrhephattium,
1310 2299 1415 2329 fanum
1464 2297 1671 2338 Proserpinae,

1007 2342 1146 2371 Athenis.
1163 2343 1260 2377 1259,
1277 2344 1307 2372 5.

964 2384 1082 2414 Phlius.
1107 2384 1235 2414 Phliasii
1255 2384 1390 2423 quidam,
1406 2389 1472 2414 orta
1490 2383 1574 2416 domi
1589 2384 1671 2414 sedi-

1007 2427 1089 2457 tione
1126 2428 1335 2466 caedibusque,
1363 2427 1501 2457 Athenas
1528 2426 1670 2466 confugi-

1007 2470 1109 2506 ebant,
1133 2476 1166 2500 et
1180 2471 1284 2500 tutelae
1309 2470 1419 2499 Athen.
1445 2480 1478 2499 se
1500 2469 1673 2500 committe·

1007 2513 1091 2548 bant,
1107 2513 1198 2551 paulo
1221 2518 1291 2543 ante
1303 2523 1392 2552 quam
1409 2512 1511 2542 oratio
1523 2512 1562 2542 de
1577 2523 1673 2543 censu

1008 2554 1092 2595 [περὶ
1119 2555 1294 2595 συντάξεως]
1320 2555 1487 2585 diceretur.
1512 2557 1586 2591 175,
1618 2557 1670 2587 26.

1008 2599 1137 2628 Phliasii
1145 2599 1341 2628 Tricaranum
1355 2599 1544 2637 repetebant.
1554 2599 1630 2634 206,
1639 2600 1670 2629 6.

964 2640 1108 2671 Phoenice
1133 2652 1149 2670 a
1167 2642 1270 2671 Persis
1285 2642 1415 2671 subacta
1437 2642 1562 2682 Olymp.
1586 2641 1671 2678 CVI,

1006 2686 1037 2714 9.
1054 2687 1128 2718 160,
1146 2686 1177 2714 9.

962 2726 1072 2765 Phyle,
1096 2727 1245 2765 oppidum
1273 2726 1337 2766 agri
1364 2726 1471 2762 Attici,
1504 2726 1585 2756 ultra
1608 2728 1671 2757 120

1006 2769 1106 2799 stadia
1121 2771 1159 2799 ab
1175 2771 1274 2800 Urbe.
1293 2771 1368 2805 238,
1387 2772 1439 2799 18.
1455 2770 1477 2798 οἱ
1493 2768 1550 2799 ἀπὸ
1569 2771 1670 2806 Φυλῆς,

1006 2813 1136 2842 subaudi
1149 2812 1350 2846 κατελθόντες.
1365 2812 1491 2842 exsules
1501 2812 1669 2843 Athenien-

1005 2865 1069 2890 ses,
1087 2857 1143 2885 sub
1158 2856 1263 2886 XXX
1283 2855 1432 2895 tyrannis,
1448 2855 1498 2894 qni
1511 2855 1609 2893 Phyla
1618 2865 1668 2885 oe-

1006 2899 1146 2938 cupanda
1161 2899 1315 2929 libertatis
1331 2898 1529 2937 postmodum
1541 2908 1670 2937 recupe-

1005 2948 1079 2971 ratae
1110 2943 1301 2972 fundamenta
1327 2944 1482 2980 jecerunt.
1509 2943 1586 2977 742,
1618 2941 1668 2971 15.

1007 2985 1155 3014 Archinus
1172 2985 1291 3015 consilii
1307 2986 1346 3014 de
1373 2984 1472 3022 Phyla
1492 2985 1670 3023 occupanda
