1822 3187
546 164 1127 208 IN'DEMOSTHENEM.

445 356 491 384 M.

115 441 311 475 Macartatus,
325 439 490 469 avunculus
505 438 588 468 illius
602 439 770 473 Macartati,
783 438 812 468 in

158 494 244 523 quem
259 484 369 522 agitur,
388 481 589 520 Prospaltius.
607 483 704 516 1066,
720 483 749 511 2.

113 527 311 560 Macartatus,
340 524 528 563 Theopompi
555 524 647 558 filius,
668 524 698 553 in
723 534 811 563 quem

155 568 218 607 agit
231 569 326 598 oratio
341 578 358 597 a
373 578 402 606 p.
418 570 510 599 1050.
526 566 562 595 ad
576 577 606 605 p.
626 569 717 597 1079.

114 611 231 645 Manes,
248 621 353 641 servus
369 609 535 640 Arethusii.
554 610 648 645 1253,
665 611 694 639 6.

112 653 246 682 Mantias
269 653 444 687 Tltorikius,
471 656 556 690 pater
581 652 739 689 Mantithei
771 662 809 680 ex

155 706 250 725 uxore
266 696 410 734 legitima,
431 698 462 723 et
478 694 591 730 Boeoti,
615 705 631 723 e
655 694 810 733 Plangone

155 739 331 775 concubina,
355 748 372 767 a
397 747 454 776 qna
476 737 700 767 circumventus
715 742 746 767 et
760 748 810 766 co-

155 786 240 810 actus
265 786 312 811 est
333 781 469 819 spurium
494 790 548 818 pro
573 790 645 809 vero
669 780 731 809 filio
755 790 810 809 suo

154 834 317 863 agnoscere
340 828 430 861 atque
451 823 606 861 adoptare.
631 824 703 853 993.
729 823 811 852 circa

152 867 200 896 fin.
216 870 246 896 et
260 866 332 896 totis
354 866 471 895 duabus
495 865 722 904 insequentibus
745 876 811 896 ora-

151 909 294 945 tionibus,
317 909 461 938 ambabus
486 918 503 937 a
527 909 696 938 Mantitheo
720 908 810 938 dictis

150 952 180 981 in
198 952 355 987 Boeotum,
380 951 473 980 altera
487 961 542 990 pro
560 952 679 981 nomine
694 952 808 982 Manti-

151 995 212 1024 tbei
228 995 400 1030 retinendo,
423 1004 518 1033 neque
540 995 750 1032 permutando,
767 995 808 1024 al-

149 1042 214 1067 tera
229 1048 284 1076 pro
306 1038 378 1067 dote
400 1037 504 1066 matris
527 1038 746 1076 recuperanda,
769 1038 807 1067 ad

149 1083 290 1119 p.1026.

107 1123 306 1158 Mantitheus,
321 1122 404 1152 illius
414 1123 538 1152 Mantiae
553 1122 644 1158 filius,
667 1124 753 1161 cujus
768 1123 807 1153 dc

148 1165 267 1203 gemina
287 1166 406 1195 actione
426 1166 570 1195 adversus
586 1167 734 1201 Boeotum,
748 1166 807 1195 fra—

148 1213 223 1238 trem
254 1208 400 1248 spurium,
426 1209 516 1238 modo
541 1213 805 1238 commemoratum

149 1257 208 1286 est,
218 1252 325 1281 iisdem
337 1251 425 1281 locis.

106 1295 270 1329 Mardonii,
285 1294 399 1329 Persae,
423 1305 440 1323 a
455 1294 563 1324 Xerxe
578 1293 608 1323 in
625 1294 742 1324 Graecia
756 1305 804 1324 re—

147 1337 224 1372 licti,
240 1338 308 1367 etin
323 1336 432 1376 proelio
448 1337 485 1366 ad
503 1337 631 1366 Plataeas
647 1337 729 1371 caesi,
743 1337 804 1367 aci-

146 1390 237 1409 naces
248 1380 279 1410 in
291 1380 431 1409 thesauro
447 1379 596 1409 Minervae
611 1381 802 1410 servabatur.

146 1424 221 1458 741,
235 1424 267 1453 7.
283 1424 378 1456 1377,
393 1425 444 1453 20.

104 1465 269 1495 Maronitas
286 1471 316 1495 et
326 1465 453 1495 Thasios
467 1464 505 1494 de
522 1464 642 1504 Stryma
656 1465 802 1495 altercan-

147 1508 299 1549 tesstitem
314 1507 435 1537 arbitris
451 1507 636 1546 permittere.
660 1510 734 1543 163,
751 1511 802 1538 18.

146 1561 204 1580 una
220 1561 288 1581 cum
303 1550 458 1580 Abderitis
473 1555 684 1589 proponuntur
703 1551 732 1580 in
748 1561 803 1581 ex-

145 1594 276 1632 emplum
299 1592 454 1622 civitatum
476 1592 654 1631 ignobilium
678 1598 709 1623 et
731 1603 804 1623 con-

146 1640 316 1666 temtarum.
333 1637 407 1672 218,
422 1638 473 1665 11.

105 1679 275 1715 Mausolus,
291 1678 388 1709 Cariae
404 1679 542 1718 dynasta,
562 1688 618 1717 per
644 1678 805 1717 optimates

144 1722 247 1751 Rhodi
270 1722 438 1752 libertatern
465 1721 628 1760 oppressit.
656 1723 729 1757 191,
753 1722 803 1751 15.

144 1764 304 1803 legationis
320 1766 357 1794 ab
377 1765 487 1794 Athen.
510 1763 547 1793 ad
571 1774 637 1794 eum
653 1764 755 1794 missae
771 1765 804 1794 fit

144 1808 266 1838 mentio.
282 1810 356 1842 703,
374 1809 424 1838 22.

102 1849 255 1886 Medeius,
272 1861 300 1880 v.
317 1850 445 1880 Midias.

102 1893 267 1933 Megaclidi
280 1893 435 1923 Eleusinio
444 1899 589 1923 causaest
598 1903 664 1923 cum
678 1894 802 1933 Lycone

145 1935 336 1966 Heracleota.
353 1938 447 1972 1241,
463 1938 515 1966 27.

101 1978 362 2017 Megalopolitani.
380 1990 406 2008 v.
421 1979 484 2008 ind.
497 1978 660 2018 geograph.

100 2022 310 2060 Megarenses,
318 2021 399 2060 quod
410 2021 666 2051 Anthemocritum
677 2021 802 2050 Atheni-

143 2073 246 2093 ensem
259 2064 465 2098 sustulissent,
478 2065 516 2092 ab
527 2064 634 2092 Athen.
647 2064 800 2102 mysteriis

140 2106 298 2145 prohibiti,
323 2111 354 2135 et
370 2116 426 2145 per
441 2106 557 2135 tabulas
578 2105 700 2144 publice
725 2106 802 2135 fixas

140 2159 196 2188 pro
205 2148 725 2187 liostibusAthen.etproinfamibus
734 2154 802 2178 sunt

141 2191 379 2226 declarati.159,
398 2194 448 2222 19.
463 2191 574 2220 bellum
587 2191 733 2220 adversus
748 2202 801 2221 eos

141 2233 310 2269 decretum,
326 2235 406 2273 quod
424 2235 471 2264 τὴν
485 2233 598 2274 ὀργάδα,
614 2243 716 2272 agrum
729 2245 799 2263 con-

143 2282 305 2312 secratum,
330 2276 388 2306 sibi
414 2277 629 2306 vindicassent.
652 2278 724 2311 175,
748 2280 800 2307 24.

141 2319 216 2348 tanti
236 2320 371 2349 fecerunt
389 2320 440 2358 jus
456 2330 517 2348 suae
538 2319 682 2353 civitatis,
695 2324 728 2347 ut
742 2319 800 2349 La-

140 2361 334 2391 cedaemoniis
355 2362 387 2391 id
416 2361 564 2391 Hermoni
595 2362 799 2400 poscentibus,

140 2405 228 2443 cujus
243 2414 335 2443 opera
350 2404 541 2443 potissimum
568 2404 681 2434 factum
705 2410 798 2439 esset,

140 2452 174 2476 ut
185 2447 341 2486 Lysander
356 2447 393 2477 ad
410 2447 648 2486 AEgospotamos
670 2447 797 2476 classem

139 2489 369 2520 Atheniensium
386 2495 520 2529 caperet,
535 2490 798 2528 denegarent,nisi

140 2531 200 2570 ipsi
215 2542 335 2571 quoque
350 2533 480 2562 eundem
497 2532 683 2562 Hermonem
700 2533 796 2562 civem

139 2575 320 2613 Spartanum
337 2580 484 2605 crearent.
501 2577 574 2611 691,
591 2578 621 2605 4.
643 2576 798 2614 appellan-

143 2622 191 2646 tnr
205 2616 370 2647 illiberales
385 2623 415 2648 et
432 2618 560 2647 sordidi.
579 2619 672 2654 1557,
688 2621 718 2648 8.
743 2619 799 2648 So-

140 2659 203 2695 lon,
219 2659 386 2698 legislator,
415 2671 467 2690 eos
490 2660 615 2696 devicit,
631 2667 721 2700 atque
738 2665 799 2691 tro-

141 2711 241 2740 paeum
257 2702 295 2730 de
308 2701 348 2731 iis
361 2702 434 2732 fixit.
452 2705 547 2738 1416,
563 2707 592 2734 6.

98 2744 250 2775 Malanias
271 2744 328 2774 fuit
342 2744 371 2774 in
389 2745 572 2775 adversariis
588 2750 618 2775 et
638 2745 799 2776 calumnia-

141 2787 258 2816 toribus
274 2787 500 2816 Demosthenis.
513 2790 589 2824 310,
606 2791 655 2818 10.

98 2829 292 2868 Melanopus,
301 2829 433 2867 legatuS‚
446 2829 512 2868 ipse
524 2830 645 2866 tertius,
659 2831 698 2860 ad
712 2832 801 2860 Mau-

142 2872 240 2901 solum
267 2871 389 2902 missus.
417 2873 492 2908 703,
521 2875 573 2903 21.
627 2853 801 2909 Lachetem,

139 2919 255 2953 patrem
275 2915 354 2954 ejus,
370 2919 470 2944 orator
485 2918 565 2944 tecte
577 2915 764 2953 peculatus·
757 2925 802 2945 m-

139 2956 272 2988 simulat.
306 2958 382 2994 ¹740,
420 2960 472 2989 21.
510 2957 609 2996 ipsius
644 2956 802 2997 Melanopi

1468 169 1550 210 313

893 270 972 300 furta
991 274 1022 299 ct
1037 271 1152 300 scelera
1168 276 1352 302 enarrantur.
1368 272 1441 302 ibid.
1479 273 1552 303 Plu-

893 312 989 342 tarch.
1014 311 1041 351 ᾗ.
1057 312 1104 349 ιγ’.
1121 323 1150 341 v.
1177 314 1300 344 Bar-ton.
1328 316 1550 354 Harpocration

891 355 949 384 hac
965 365 1053 391 voce,
1075 356 1155 384 hunc
1169 355 1212 385 ait
1225 356 1402 396 Diophanti,
1426 358 1550 395 actoris,

889 397 1023 428 κηδεστὴν
1032 397 1137 427 fuisse.

848 440 1043 478 Melanopus,
1068 440 1238 479 Diophauti
1263 441 1353 476 filius,
1378 443 1547 481 Sphettins.

890 485 963 518 925,
976 486 1006 513 2.

846 525 1036 555 Meledemus
1045 524 1178 555 Cleonis,
1195 526 1267 560 273,
1282 526 1312 555 6.

845 569 998 603 Memnon,
1015 568 1157 598 Artabazi
1170 567 1316 603 κηδεστὴς,
1340 571 1371 597 et
1389 568 1419 598 in
1440 570 1548 608 praefe-

887 616 972 640 ctura
988 611 1094 649 Lydiae
1118 620 1286 641 successor.
1311 612 1385 646 672,
1410 612 1441 641 5.
1472 613 1501 642 h.
1517 623 1545 642 e.

886 654 1060 683 Memnonis
1081 663 1215 683 sororem
1234 654 1263 682 in
1288 653 1478 684 matrimonio
1493 655 1545 684 ha-

885 696 976 725 bebat
988 697 1167 726 Artabazus.
1178 706 1208 726 v.
1231 696 1358 726 Diodor.
1381 696 1444 727 Sic.
1460 701 1482 726 t.
1499 697 1545 727 11.

885 748 916 776 p.
934 741 1005 769 122.

843 781 1014 815 Menecles,
1043 786 1134 811 notus
1163 780 1291 811 Athenis
1318 781 1546 820 quadruplatur,

885 824 977 863 vulgo
993 823 1092 854 dictus
1105 824 1117 853 ὁ
1133 825 1181 854 τὴν
1194 825 1266 854 Νῖνον
1277 823 1356 858 ἑλὼν,
1368 824 1419 863 qui
1432 825 1544 855 Ninum

888 867 1077 896 sacerdotem
1121 867 1273 897 foeminam
1321 868 1542 898 condemnavit.

887 911 961 944 995,
978 912 1028 939 10.
1045 911 1181 945 998,13.
1199 920 1228 939 v.
1246 908 1373 948 Dionys.
1385 910 1543 940 Halicarn.

884 953 923 981 de
940 953 1105 988 Dinarcho,
1132 963 1163 992 p.
1186 954 1260 988 187,
1277 955 1306 982 1.
1322 956 1354 981 et
1371 952 1488 983 Corsin.
1505 953 1542 984 F.

887 995 924 1024 A.
941 995 998 1025 IV.
1021 997 1073 1026 31.
1102 996 1152 1034 qui
1174 995 1206 1025 in
1223 995 1253 1025 h.
1275 995 1296 1025 l.
1315 994 1541 1034 interpretando

883 1038 1012 1077 turpiter
1022 1039 1128 1077 lapsus
1144 1043 1202 1069 est.

840 1081 1044 1111 Menecrates.
1057 1083 1150 1113 1489.
1165 1085 1264 1120 antep.

840 1123 1011 1158 Menelaus,
1025 1124 1217 1162 peregrinus,
1227 1124 1305 1153 sorte
1316 1123 1470 1160 Lemnius,
1479 1135 1540 1164 quo

882 1166 1058 1206 hipparcho,
1083 1177 1136 1196 seu
1151 1167 1298 1206 magistro
1313 1165 1432 1196 militiae
1446 1177 1540 1206 eque-

883 1209 965 1244 stris,
987 1210 1016 1239 in
1032 1209 1112 1239 hello
1138 1209 1243 1239 sociali
1262 1209 1424 1239 utebantur
1444 1210 1539 1240 Athe-

881 1252 1012 1282 nienses.
1035 1254 1090 1288 47,
1110 1254 1161 1282 21.
1184 1263 1214 1281 v.
1229 1251 1330 1282 Vales.
1351 1252 1390 1281 ad
1415 1252 1538 1292 Harpo-

879 1300 952 1324 crat.
969 1296 998 1324 h.
1015 1305 1044 1324 v.

838 1338 1047 1372 Menestheus,
1068 1337 1148 1367 filins
1164 1336 1315 1376 Philagri,
1331 1347 1347 1367 e
1360 1337 1537 1378 Telesippa,

880 1380 1014 1410 OEensis.
1029 1382 1123 1415 1064,
1136 1383 1186 1410 16.

838 1423 1035 1453 Menestheus
1051 1433 1117 1453 cnm
1130 1423 1228 1453 classe
1238 1421 1358 1452 centum
1374 1422 1540 1453 triremium

878 1466 1055 1496 mittebatur
1074 1467 1111 1496 ab
1126 1466 1237 1496 Athen.
1261 1466 1408 1495 adversus
1427 1465 1540 1505 piratas

879 1509 1108 1540 Macedonicos.
1125 1510 1199 1544 217,
1215 1510 1266 1538 19.
1289 1508 1429 1538 landatur
1443 1514 1478 1538 ut
1493 1508 1541 1538 vir

880 1551 1046 1591 popularis.
1063 1562 1092 1582 v.
1104 1551 1235 1590 Dionys.
1250 1550 1354 1581 Halic.
1370 1550 1400 1582 in
1425 1551 1484 1582 tine
1501 1551 1540 1581 li-

882 1594 955 1624 belli
968 1595 1006 1624 de
1022 1594 1184 1624 Dinarcho.

837 1637 1044 1667 Menestratus
1056 1636 1249 1667 Eretriensis.
1265 1635 1387 1667 videtur
1407 1635 1537 1667 Eretriae

883 1679 1036 1719 princeps,
1057 1684 1088 1709 et
1113 1679 1346 1710 Atheniensibus
1360 1679 1476 1710 amicus
1491 1681 1539 1709 fu·

882 1723 954 1752 isse.
970 1725 1044 1759 661,
1061 1725 1113 1753 10.

841 1765 1044 1802 Menexenus,
1059 1766 1140 1795 filius
1156 1764 1321 1804 Polyarati.
1335 1766 1432 1801 1009,
1444 1767 1497 1796 26.

836 1808 1002 1848 Menippus
1025 1809 1104 1848 apud
1130 1810 1244 1838 Oreum
1264 1806 1410 1847 Philippo
1434 1808 1538 1839 stude-

879 1852 939 1881 bat.
954 1853 1027 1887 126,
1041 1854 1072 1881 4.

837 1894 1012 1934 Menippus,
1027 1894 1098 1930 Car,
1120 1894 1184 1933 egit
1205 1892 1234 1922 in
1264 1891 1438 1923 Evandrum
1458 1894 1538 1924 The-

877 1937 1038 1976 spiensem.
1048 1939 1122 1973 571.
1137 1939 1188 1968 22.

836 1982 958 2015 Menon,
974 1980 1148 2019 imperator,
1157 1977 1277 2008 Autocli
1287 1988 1449 2008 successor
1456 1980 1539 2019 apud

877 2023 1005 2052 classem
1034 2023 1065 2052 in
1100 2023 1199 2052 Ponto
1231 2021 1352 2050 missus.
1383 2023 1477 2057 1210,
1504 2024 1536 2052 6.

877 2065 957 2094 hunc
973 2065 1192 2103 Apollodorus,
1202 2063 1343 2093 Pasionis
1358 2064 1393 2099 f„
1413 2074 1537 2094 accusa-

879 2107 924 2137 vit
936 2109 1072 2137 oratione
1087 2118 1104 2137 a
1120 2107 1326 2137 Demosthene
1343 2106 1468 2146 scripta,
1481 2108 1537 2137 sed

877 2160 913 2180 ea
928 2150 1017 2180 hodie
1032 2151 1133 2189 periit.
1151 2151 1224 2184 961,
1239 2151 1268 2178 1.

836 2194 940 2228 Meno,
958 2194 1143 2227 Pharsalius,
1159 2190 1393 2222 Atheniensibus
1405 2191 1435 2221 in
1452 2192 1536 2222 bello

877 2235 956 2274 apud
973 2235 1098 2265 Eionem
1126 2234 1402 2274 Amphipolitanam
1418 2236 1535 2265 duode-

877 2279 935 2308 cim
953 2279 1073 2308 talentis
1091 2283 1122 2308 et
1145 2277 1283 2307 ducentis
1299 2276 1453 2315 equitibus
1468 2289 1535 2308 snc-

877 2321 983 2350 currit.
998 2326 1181 2360 quapropter
1196 2319 1367 2349 immunitas
1376 2320 1404 2348 ei
1415 2330 1431 2349 a
1448 2321 1485 2350 P.
1498 2323 1536 2350 A.

875 2365 998 2393 decreta
1013 2364 1081 2394 fuit.
1097 2365 1169 2398 173,
1187 2365 1217 2393 3.
1235 2364 1309 2397 686,
1325 2362 1381 2392 ult.
1402 2373 1432 2392 ν.
1451 2363 1535 2392 Thu-

875 2407 978 2445 cydid.

833 2449 966 2483 Mentor,
985 2449 1079 2478 frater
1102 2448 1285 2483 Memnonis,
1308 2456 1433 2486 quorum
1450 2458 1535 2477 soro-

876 2502 939 2521 rem
956 2492 1121 2522 Artabazus
1142 2492 1172 2521 in
1190 2490 1379 2520 matrimonio
1395 2491 1535 2525 habebat,

876 2534 1059 2573 praesectura
1074 2534 1181 2574 Lydiae
1197 2538 1267 2572 post
1280 2533 1463 2563 Artabazum
1481 2543 1535 2572 po-

875 2578 959 2607 titur.
976 2579 1052 2612 672,
1069 2580 1098 2608 6.
1123 2588 1154 2607 V.
1171 2576 1300 2606 Diodor.
1316 2575 1379 2604 Sic.
1402 2576 1447 2604 11.
1461 2578 1536 2606 122.

875 2620 922 2650 Ad
940 2620 1110 2650 Messenios
1130 2619 1311 2658 legationem
1328 2617 1404 2646 obiit
1423 2619 1536 2648 Demo-

875 2663 1010 2698 sthenes,
1035 2663 1072 2692 de
1091 2673 1150 2701 qua
1173 2660 1310 2699 exponit.
1334 2662 1389 2695 70,
1412 2660 1464 2690 25.
1490 2671 1535 2700 sq.

876 2705 1048 2734 Messenios
1070 2704 1214 2742 Philippo
1235 2703 1373 2732 addictos
1403 2702 1537 2733 nominat

876 2757 906 2786 p.
920 2750 994 2782 324,
1013 2750 1063 2776 11.
1118 2746 1277 2784 Philippus
1302 2755 1367 2779 eos,
1389 2744 1491 2775 statim
1517 2757 1535 2776 a

876 2790 960 2819 finito
975 2789 1055 2818 bello
1076 2788 1223 2823 Phocico,
1244 2798 1260 2816 a
1277 2788 1424 2817 servitute
1441 2788 1536 2818 Lace-

877 2831 1091 2861 daemoniorum
1108 2831 1226 2860 liberat.
1249 2831 1300 2864 69.
1317 2831 1346 2860 9.
1393 2831 1536 2861 Lacedae-

876 2873 970 2903 monii
986 2873 1134 2903 acerrimo
1151 2883 1203 2902 eos
1217 2872 1289 2902 odio
1309 2878 1537 2912 persequentes,

877 2915 976 2946 modis
998 2915 1135 2945 omnibus
1154 2916 1307 2945 vexabant
1328 2920 1359 2945 et
1381 2916 1536 2954 perditum

878 2959 972 2989 ibant.
998 2960 1072 2994 204,
1095 2960 1126 2989 4.
1171 2958 1344 2989 Alexander
1371 2958 1418 2988 M.
1445 2958 1537 2989 Phili-

881 3002 899 3031 2
918 3010 931 3030 s
