<?xml version="1.0" encoding="UTF-8"?>
<!DOCTYPE html PUBLIC "-//W3C//DTD XHTML 1.0 Transitional//EN"
    "http://www.w3.org/TR/xhtml1/DTD/xhtml1-transitional.dtd">
<html xmlns="http://www.w3.org/1999/xhtml" xml:lang="en" lang="en">
 <head>
  <title>
</title>
<meta http-equiv="Content-Type" content="text/html;charset=utf-8" />
  <meta name='ocr-system' content='tesseract 3.04.00' />
  <meta name='ocr-capabilities' content='ocr_page ocr_carea ocr_par ocr_line ocrx_word'/>
</head>
<body>
  <div class='ocr_page' id='page_1' title='image "./oratoresatticie11dobs/oratoresatticie11dobs_0365.png"; bbox 0 0 1822 3187; ppageno 0'>
   <div class='ocr_carea' id='block_1_1' title="bbox 561 152 1151 195">
    <p class='ocr_par' dir='ltr' id='par_1_1' title="bbox 561 152 1151 195">
     <span class='ocr_line' id='line_1_1' title="bbox 561 152 1151 195; baseline 0.002 -1"><span class='ocrx_word' id='word_1_1' title='bbox 561 152 625 194; x_wconf 92' lang='lat' dir='ltr'><strong>IN</strong></span> <span class='ocrx_word' id='word_1_2' title='bbox 659 152 1151 195; x_wconf 85' lang='lat' dir='ltr'><strong>DEMOSTHENEM.</strong></span> 
     </span>
    </p>
   </div>
   <div class='ocr_carea' id='block_1_2' title="bbox 107 257 835 1708">
    <p class='ocr_par' dir='ltr' id='par_1_2' title="bbox 152 257 835 1239">
     <span class='ocr_line' id='line_1_2' title="bbox 170 257 835 298; baseline -0.005 -8"><span class='ocrx_word' id='word_1_3' title='bbox 170 257 222 290; x_wconf 83' lang='lat' dir='ltr'><strong>illa</strong></span> <span class='ocrx_word' id='word_1_4' title='bbox 241 259 338 289; x_wconf 84' lang='lat' dir='ltr'><strong>oratio</strong></span> <span class='ocrx_word' id='word_1_5' title='bbox 359 269 376 288; x_wconf 85' lang='lat' dir='ltr'><strong>a</strong></span> <span class='ocrx_word' id='word_1_6' title='bbox 396 269 428 298; x_wconf 88' lang='lat' dir='ltr'><strong>p.</strong></span> <span class='ocrx_word' id='word_1_7' title='bbox 445 260 539 289; x_wconf 81' lang='lat'><strong>1345.</strong></span> <span class='ocrx_word' id='word_1_8' title='bbox 564 259 601 287; x_wconf 88' lang='lat' dir='ltr'><strong>ad</strong></span> <span class='ocrx_word' id='word_1_9' title='bbox 623 269 651 298; x_wconf 86' lang='lat' dir='ltr'><strong>p.</strong></span> <span class='ocrx_word' id='word_1_10' title='bbox 667 260 762 289; x_wconf 82' lang='lat'><strong>1388.</strong></span> <span class='ocrx_word' id='word_1_11' title='bbox 784 268 835 287; x_wconf 89' lang='lat' dir='ltr'><strong>ne-</strong></span> 
     </span>
     <span class='ocr_line' id='line_1_3' title="bbox 168 300 835 340; baseline -0.003 -8"><span class='ocrx_word' id='word_1_12' title='bbox 168 302 247 336; x_wconf 65' lang='lat' dir='ltr'><strong>scio,</strong></span> <span class='ocrx_word' id='word_1_13' title='bbox 262 303 382 332; x_wconf 83' lang='lat' dir='ltr'>idemne</span> <span class='ocrx_word' id='word_1_14' title='bbox 398 301 450 336; x_wconf 91' lang='lat' dir='ltr'><strong>sit,</strong></span> <span class='ocrx_word' id='word_1_15' title='bbox 465 312 554 340; x_wconf 82' lang='lat' dir='ltr'><strong>quem</strong></span> <span class='ocrx_word' id='word_1_16' title='bbox 565 300 728 331; x_wconf 90' lang='lat' dir='ltr'><strong>AEschines</strong></span> <span class='ocrx_word' id='word_1_17' title='bbox 739 311 769 339; x_wconf 87' lang='lat' dir='ltr'><strong>p.</strong></span> <span class='ocrx_word' id='word_1_18' title='bbox 780 303 835 336; x_wconf 87' lang='grc'><strong>46,</strong></span> 
     </span>
     <span class='ocr_line' id='line_1_4' title="bbox 168 343 832 384; baseline -0.003 -10"><span class='ocrx_word' id='word_1_19' title='bbox 168 347 221 375; x_wconf 86' lang='grc'><strong>37.</strong></span> <span class='ocrx_word' id='word_1_20' title='bbox 237 345 286 374; x_wconf 79' lang='lat' dir='ltr'><strong>ed.</strong></span> <span class='ocrx_word' id='word_1_21' title='bbox 303 345 409 384; x_wconf 90' lang='lat' dir='ltr'><strong>Steph.</strong></span> <span class='ocrx_word' id='word_1_22' title='bbox 427 344 574 378; x_wconf 87' lang='lat' dir='ltr'><strong>nominat,</strong></span> <span class='ocrx_word' id='word_1_23' title='bbox 597 354 684 373; x_wconf 91' lang='lat' dir='ltr'><strong>suum</strong></span> <span class='ocrx_word' id='word_1_24' title='bbox 706 348 737 373; x_wconf 88' lang='lat' dir='ltr'><strong>et</strong></span> <span class='ocrx_word' id='word_1_25' title='bbox 752 343 832 372; x_wconf 91' lang='lat' dir='ltr'><strong>Der-</strong></span> 
     </span>
     <span class='ocr_line' id='line_1_5' title="bbox 167 386 832 425; baseline 0.002 -10"><span class='ocrx_word' id='word_1_26' title='bbox 167 386 245 425; x_wconf 82' lang='lat' dir='ltr'><strong>kylli</strong></span> <span class='ocrx_word' id='word_1_27' title='bbox 260 388 290 416; x_wconf 89' lang='lat' dir='ltr'><strong>in</strong></span> <span class='ocrx_word' id='word_1_28' title='bbox 311 388 463 425; x_wconf 71' lang='lat' dir='ltr'>legatione</span> <span class='ocrx_word' id='word_1_29' title='bbox 485 388 521 416; x_wconf 90' lang='lat' dir='ltr'><strong>ad</strong></span> <span class='ocrx_word' id='word_1_30' title='bbox 541 387 715 416; x_wconf 84' lang='lat' dir='ltr'>Phocenses</span> <span class='ocrx_word' id='word_1_31' title='bbox 738 386 832 416; x_wconf 89' lang='lat' dir='ltr'><strong>colle-</strong></span> 
     </span>
     <span class='ocr_line' id='line_1_6' title="bbox 167 427 832 468; baseline -0.005 -9"><span class='ocrx_word' id='word_1_32' title='bbox 167 439 246 468; x_wconf 83' lang='lat' dir='ltr'><strong>gam.</strong></span> <span class='ocrx_word' id='word_1_33' title='bbox 270 430 455 468; x_wconf 78' lang='lat' dir='ltr'><strong>Apollodoro</strong></span> <span class='ocrx_word' id='word_1_34' title='bbox 472 430 611 459; x_wconf 87' lang='lat' dir='ltr'><strong>Pasionis</strong></span> <span class='ocrx_word' id='word_1_35' title='bbox 626 429 705 458; x_wconf 88' lang='lat' dir='ltr'><strong>diem</strong></span> <span class='ocrx_word' id='word_1_36' title='bbox 723 427 770 457; x_wconf 87' lang='lat' dir='ltr'><strong>bis</strong></span> <span class='ocrx_word' id='word_1_37' title='bbox 786 428 832 457; x_wconf 88' lang='lat' dir='ltr'><strong>di-</strong></span> 
     </span>
     <span class='ocr_line' id='line_1_7' title="bbox 165 471 832 510; baseline -0.001 -10"><span class='ocrx_word' id='word_1_38' title='bbox 165 472 225 507; x_wconf 88' lang='lat' dir='ltr'><strong>xit,</strong></span> <span class='ocrx_word' id='word_1_39' title='bbox 239 473 330 501; x_wconf 85' lang='lat' dir='ltr'><strong>semel</strong></span> <span class='ocrx_word' id='word_1_40' title='bbox 349 473 388 501; x_wconf 92' lang='lat' dir='ltr'><strong>ob</strong></span> <span class='ocrx_word' id='word_1_41' title='bbox 406 472 549 510; x_wconf 76' lang='lat' dir='ltr'><strong>pecunias</strong></span> <span class='ocrx_word' id='word_1_42' title='bbox 565 471 740 506; x_wconf 75' lang='lat' dir='ltr'><strong>theatrales,</strong></span> <span class='ocrx_word' id='word_1_43' title='bbox 758 481 832 509; x_wconf 87' lang='lat' dir='ltr'><strong>quas</strong></span> 
     </span>
     <span class='ocr_line' id='line_1_8' title="bbox 164 513 830 552; baseline -0.002 -8"><span class='ocrx_word' id='word_1_44' title='bbox 164 514 196 543; x_wconf 78' lang='lat' dir='ltr'><strong>in</strong></span> <span class='ocrx_word' id='word_1_45' title='bbox 213 515 372 544; x_wconf 82' lang='lat' dir='ltr'><strong>militarem</strong></span> <span class='ocrx_word' id='word_1_46' title='bbox 389 515 491 544; x_wconf 86' lang='lat' dir='ltr'><strong>fiscum</strong></span> <span class='ocrx_word' id='word_1_47' title='bbox 506 514 608 543; x_wconf 84' lang='lat' dir='ltr'><strong>inferri</strong></span> <span class='ocrx_word' id='word_1_48' title='bbox 624 513 830 552; x_wconf 80' lang='lat' dir='ltr'><strong>Apollodorus</strong></span> 
     </span>
     <span class='ocr_line' id='line_1_9' title="bbox 164 556 830 596; baseline 0.002 -11"><span class='ocrx_word' id='word_1_49' title='bbox 164 562 270 586; x_wconf 86' lang='lat' dir='ltr'><strong>auctor</strong></span> <span class='ocrx_word' id='word_1_50' title='bbox 285 559 394 593; x_wconf 79' lang='lat' dir='ltr'><strong>fuerat,</strong></span> <span class='ocrx_word' id='word_1_51' title='bbox 411 563 473 587; x_wconf 89' lang='lat' dir='ltr'><strong>tum</strong></span> <span class='ocrx_word' id='word_1_52' title='bbox 489 556 644 586; x_wconf 88' lang='lat' dir='ltr'><strong>homicidii</strong></span> <span class='ocrx_word' id='word_1_53' title='bbox 658 567 740 585; x_wconf 90' lang='lat' dir='ltr'><strong>reum</strong></span> <span class='ocrx_word' id='word_1_54' title='bbox 759 567 830 596; x_wconf 85' lang='lat' dir='ltr'><strong>ege-</strong></span> 
     </span>
     <span class='ocr_line' id='line_1_10' title="bbox 161 599 830 638; baseline 0 -10"><span class='ocrx_word' id='word_1_55' title='bbox 161 605 219 628; x_wconf 88' lang='lat' dir='ltr'><strong>rat.</strong></span> <span class='ocrx_word' id='word_1_56' title='bbox 235 602 330 635; x_wconf 81' lang='lat'><strong>1347,</strong></span> <span class='ocrx_word' id='word_1_57' title='bbox 347 604 376 630; x_wconf 91' lang='lat'><strong>1.</strong></span> <span class='ocrx_word' id='word_1_58' title='bbox 393 611 437 638; x_wconf 90' lang='lat' dir='ltr'><strong>sq.</strong></span> <span class='ocrx_word' id='word_1_59' title='bbox 462 609 549 638; x_wconf 85' lang='lat' dir='ltr'><strong>quam</strong></span> <span class='ocrx_word' id='word_1_60' title='bbox 575 599 712 637; x_wconf 80' lang='lat' dir='ltr'><strong>injuriam</strong></span> <span class='ocrx_word' id='word_1_61' title='bbox 735 600 830 628; x_wconf 89' lang='lat' dir='ltr'><strong>ultum</strong></span> 
     </span>
     <span class='ocr_line' id='line_1_11' title="bbox 160 644 830 680; baseline -0.001 -9"><span class='ocrx_word' id='word_1_62' title='bbox 160 647 269 672; x_wconf 83' lang='lat' dir='ltr'><strong>euntes</strong></span> <span class='ocrx_word' id='word_1_63' title='bbox 303 644 537 677; x_wconf 75' lang='lat' dir='ltr'><strong>Theomnesius,</strong></span> <span class='ocrx_word' id='word_1_64' title='bbox 567 646 598 670; x_wconf 86' lang='lat' dir='ltr'><strong>et</strong></span> <span class='ocrx_word' id='word_1_65' title='bbox 633 644 697 680; x_wconf 87' lang='lat' dir='ltr'><strong>ejus</strong></span> <span class='ocrx_word' id='word_1_66' title='bbox 731 652 830 677; x_wconf 87' lang='lat' dir='ltr'><strong>socer,</strong></span> 
     </span>
     <span class='ocr_line' id='line_1_12' title="bbox 162 685 829 722; baseline 0 -8"><span class='ocrx_word' id='word_1_67' title='bbox 162 685 384 722; x_wconf 85' lang='lat' dir='ltr'><strong>Apollodorus,</strong></span> <span class='ocrx_word' id='word_1_68' title='bbox 403 685 432 714; x_wconf 90' lang='lat' dir='ltr'><strong>iu</strong></span> <span class='ocrx_word' id='word_1_69' title='bbox 450 685 502 722; x_wconf 82' lang='lat' dir='ltr'><strong>jus</strong></span> <span class='ocrx_word' id='word_1_70' title='bbox 521 689 629 713; x_wconf 84' lang='lat' dir='ltr'><strong>vocant</strong></span> <span class='ocrx_word' id='word_1_71' title='bbox 650 685 702 714; x_wconf 86' lang='lat' dir='ltr'><strong>ilia</strong></span> <span class='ocrx_word' id='word_1_72' title='bbox 721 689 783 714; x_wconf 88' lang='lat' dir='ltr'><strong>tota</strong></span> <span class='ocrx_word' id='word_1_73' title='bbox 799 685 829 714; x_wconf 91' lang='lat' dir='ltr'><strong>in</strong></span> 
     </span>
     <span class='ocr_line' id='line_1_13' title="bbox 161 727 828 766; baseline -0.001 -9"><span class='ocrx_word' id='word_1_74' title='bbox 161 727 305 757; x_wconf 83' lang='lat' dir='ltr'><strong>Neaeram</strong></span> <span class='ocrx_word' id='word_1_75' title='bbox 321 727 466 760; x_wconf 87' lang='lat' dir='ltr'><strong>oratione,</strong></span> <span class='ocrx_word' id='word_1_76' title='bbox 479 727 595 756; x_wconf 85' lang='lat' dir='ltr'><strong>crimini</strong></span> <span class='ocrx_word' id='word_1_77' title='bbox 613 727 730 762; x_wconf 83' lang='lat' dir='ltr'><strong>dantes,</strong></span> <span class='ocrx_word' id='word_1_78' title='bbox 746 728 828 766; x_wconf 89' lang='lat' dir='ltr'><strong>quod</strong></span> 
     </span>
     <span class='ocr_line' id='line_1_14' title="bbox 161 770 828 809; baseline 0 -10"><span class='ocrx_word' id='word_1_79' title='bbox 161 770 320 800; x_wconf 88' lang='lat' dir='ltr'><strong>mulierem</strong></span> <span class='ocrx_word' id='word_1_80' title='bbox 333 770 506 799; x_wconf 86' lang='lat' dir='ltr'><strong>conditione</strong></span> <span class='ocrx_word' id='word_1_81' title='bbox 519 770 625 799; x_wconf 90' lang='lat' dir='ltr'><strong>servili</strong></span> <span class='ocrx_word' id='word_1_82' title='bbox 641 774 828 809; x_wconf 85' lang='lat' dir='ltr'><strong>natam,per-</strong></span> 
     </span>
     <span class='ocr_line' id='line_1_15' title="bbox 163 813 826 852; baseline 0 -10"><span class='ocrx_word' id='word_1_83' title='bbox 163 813 310 852; x_wconf 88' lang='lat' dir='ltr'><strong>egrinam,</strong></span> <span class='ocrx_word' id='word_1_84' title='bbox 341 817 372 842; x_wconf 94' lang='lat' dir='ltr'><strong>et</strong></span> <span class='ocrx_word' id='word_1_85' title='bbox 406 823 473 851; x_wconf 87' lang='lat' dir='ltr'><strong>quae</strong></span> <span class='ocrx_word' id='word_1_86' title='bbox 503 817 635 842; x_wconf 88' lang='lat' dir='ltr'><strong>scortum</strong></span> <span class='ocrx_word' id='word_1_87' title='bbox 668 813 826 852; x_wconf 89' lang='lat' dir='ltr'><strong>publicum</strong></span> 
     </span>
     <span class='ocr_line' id='line_1_16' title="bbox 160 855 826 894; baseline 0 -9"><span class='ocrx_word' id='word_1_88' title='bbox 160 856 233 885; x_wconf 84' lang='lat' dir='ltr'><strong>olim</strong></span> <span class='ocrx_word' id='word_1_89' title='bbox 248 856 368 891; x_wconf 84' lang='lat' dir='ltr'><strong>fuisset,</strong></span> <span class='ocrx_word' id='word_1_90' title='bbox 383 855 460 894; x_wconf 90' lang='lat' dir='ltr'><strong>ipse,</strong></span> <span class='ocrx_word' id='word_1_91' title='bbox 476 855 527 894; x_wconf 92' lang='lat' dir='ltr'><strong>qui</strong></span> <span class='ocrx_word' id='word_1_92' title='bbox 543 856 620 885; x_wconf 89' lang='lat' dir='ltr'><strong>civis</strong></span> <span class='ocrx_word' id='word_1_93' title='bbox 631 856 826 885; x_wconf 77' lang='lat' dir='ltr'><strong>Atheniensis</strong></span> 
     </span>
     <span class='ocr_line' id='line_1_17' title="bbox 159 898 825 938; baseline 0.002 -11"><span class='ocrx_word' id='word_1_94' title='bbox 159 903 252 934; x_wconf 86' lang='lat' dir='ltr'><strong>esset,</strong></span> <span class='ocrx_word' id='word_1_95' title='bbox 265 909 320 938; x_wconf 91' lang='lat' dir='ltr'><strong>pro</strong></span> <span class='ocrx_word' id='word_1_96' title='bbox 337 909 433 928; x_wconf 84' lang='lat' dir='ltr'><strong>uxore</strong></span> <span class='ocrx_word' id='word_1_97' title='bbox 449 898 585 937; x_wconf 85' lang='lat' dir='ltr'><strong>legitima</strong></span> <span class='ocrx_word' id='word_1_98' title='bbox 597 903 628 928; x_wconf 91' lang='lat' dir='ltr'><strong>et</strong></span> <span class='ocrx_word' id='word_1_99' title='bbox 643 899 825 928; x_wconf 79' lang='lat' dir='ltr'><strong>matrefami-</strong></span> 
     </span>
     <span class='ocr_line' id='line_1_18' title="bbox 158 941 825 982; baseline 0.001 -12"><span class='ocrx_word' id='word_1_100' title='bbox 158 941 217 971; x_wconf 82' lang='lat' dir='ltr'><strong>lias</strong></span> <span class='ocrx_word' id='word_1_101' title='bbox 229 941 312 970; x_wconf 92' lang='lat' dir='ltr'><strong>domi</strong></span> <span class='ocrx_word' id='word_1_102' title='bbox 322 942 458 977; x_wconf 83' lang='lat' dir='ltr'><strong>haberet,</strong></span> <span class='ocrx_word' id='word_1_103' title='bbox 470 941 721 980; x_wconf 90' lang='lat' dir='ltr'><strong>ejusqueliberos</strong></span> <span class='ocrx_word' id='word_1_104' title='bbox 732 942 825 982; x_wconf 84' lang='lat' dir='ltr'><strong>vulgo</strong></span> 
     </span>
     <span class='ocr_line' id='line_1_19' title="bbox 159 984 825 1024; baseline 0.003 -11"><span class='ocrx_word' id='word_1_105' title='bbox 159 985 305 1023; x_wconf 83' lang='lat' dir='ltr'><strong>quaesitos</strong></span> <span class='ocrx_word' id='word_1_106' title='bbox 330 995 386 1023; x_wconf 88' lang='lat' dir='ltr'><strong>pro</strong></span> <span class='ocrx_word' id='word_1_107' title='bbox 410 984 551 1024; x_wconf 85' lang='lat' dir='ltr'><strong>ingenuis</strong></span> <span class='ocrx_word' id='word_1_108' title='bbox 580 989 611 1014; x_wconf 88' lang='lat' dir='ltr'><strong>et</strong></span> <span class='ocrx_word' id='word_1_109' title='bbox 636 984 698 1014; x_wconf 83' lang='lat' dir='ltr'><strong>suis</strong></span> <span class='ocrx_word' id='word_1_110' title='bbox 722 985 825 1022; x_wconf 84' lang='lat' dir='ltr'><strong>ferret,</strong></span> 
     </span>
     <span class='ocr_line' id='line_1_20' title="bbox 157 1027 824 1066; baseline 0.003 -10"><span class='ocrx_word' id='word_1_111' title='bbox 157 1031 248 1066; x_wconf 84' lang='lat' dir='ltr'><strong>atque</strong></span> <span class='ocrx_word' id='word_1_112' title='bbox 263 1037 320 1066; x_wconf 91' lang='lat' dir='ltr'><strong>pro</strong></span> <span class='ocrx_word' id='word_1_113' title='bbox 335 1027 447 1057; x_wconf 86' lang='lat' dir='ltr'><strong>talibus</strong></span> <span class='ocrx_word' id='word_1_114' title='bbox 463 1027 606 1056; x_wconf 86' lang='lat' dir='ltr'><strong>elocaret.</strong></span> <span class='ocrx_word' id='word_1_115' title='bbox 651 1028 824 1066; x_wconf 87' lang='lat' dir='ltr'><strong>Stephanus</strong></span> 
     </span>
     <span class='ocr_line' id='line_1_21' title="bbox 156 1069 824 1108; baseline 0.003 -9"><span class='ocrx_word' id='word_1_116' title='bbox 156 1069 207 1099; x_wconf 87' lang='lat' dir='ltr'><strong>hic</strong></span> <span class='ocrx_word' id='word_1_117' title='bbox 218 1070 424 1100; x_wconf 88' lang='lat' dir='ltr'><strong>Xenoclidam</strong></span> <span class='ocrx_word' id='word_1_118' title='bbox 436 1075 555 1108; x_wconf 90' lang='lat' dir='ltr'><strong>poetam</strong></span> <span class='ocrx_word' id='word_1_119' title='bbox 573 1080 590 1099; x_wconf 90' lang='lat' dir='ltr'><strong>a</strong></span> <span class='ocrx_word' id='word_1_120' title='bbox 606 1080 638 1099; x_wconf 89' lang='lat' dir='ltr'><strong>se</strong></span> <span class='ocrx_word' id='word_1_121' title='bbox 649 1076 824 1101; x_wconf 85' lang='lat' dir='ltr'><strong>accusatum</strong></span> 
     </span>
     <span class='ocr_line' id='line_1_22' title="bbox 154 1112 823 1153; baseline 0.004 -12"><span class='ocrx_word' id='word_1_122' title='bbox 154 1112 278 1142; x_wconf 84' lang='lat' dir='ltr'><strong>infamia</strong></span> <span class='ocrx_word' id='word_1_123' title='bbox 293 1113 420 1143; x_wconf 86' lang='lat' dir='ltr'><strong>notavit.</strong></span> <span class='ocrx_word' id='word_1_124' title='bbox 442 1114 537 1147; x_wconf 85' lang='grc'><strong>1353,</strong></span> <span class='ocrx_word' id='word_1_125' title='bbox 554 1116 605 1142; x_wconf 82' lang='grc'><strong>14.</strong></span> <span class='ocrx_word' id='word_1_126' title='bbox 632 1118 663 1143; x_wconf 85' lang='lat' dir='ltr'><strong>et</strong></span> <span class='ocrx_word' id='word_1_127' title='bbox 683 1115 734 1143; x_wconf 85' lang='lat'><strong>26.</strong></span> <span class='ocrx_word' id='word_1_128' title='bbox 750 1124 823 1153; x_wconf 87' lang='lat' dir='ltr'><strong>quo-</strong></span> 
     </span>
     <span class='ocr_line' id='line_1_23' title="bbox 153 1156 823 1186; baseline 0.001 -1"><span class='ocrx_word' id='word_1_129' title='bbox 153 1156 246 1185; x_wconf 90' lang='lat' dir='ltr'><strong>modo</strong></span> <span class='ocrx_word' id='word_1_130' title='bbox 264 1166 332 1185; x_wconf 91' lang='lat' dir='ltr'><strong>cum</strong></span> <span class='ocrx_word' id='word_1_131' title='bbox 349 1157 461 1185; x_wconf 88' lang='lat' dir='ltr'><strong>Neaera</strong></span> <span class='ocrx_word' id='word_1_132' title='bbox 479 1156 731 1185; x_wconf 89' lang='lat' dir='ltr'><strong>consuetudinem</strong></span> <span class='ocrx_word' id='word_1_133' title='bbox 752 1167 823 1186; x_wconf 86' lang='lat' dir='ltr'><strong>con-</strong></span> 
     </span>
     <span class='ocr_line' id='line_1_24' title="bbox 152 1198 542 1239; baseline 0.003 -11"><span class='ocrx_word' id='word_1_134' title='bbox 152 1198 296 1228; x_wconf 74' lang='lat' dir='ltr'><strong>traxerit.</strong></span> <span class='ocrx_word' id='word_1_135' title='bbox 317 1201 413 1234; x_wconf 89' lang='grc'><strong>1357,</strong></span> <span class='ocrx_word' id='word_1_136' title='bbox 429 1201 481 1229; x_wconf 85' lang='grc'><strong>17.</strong></span> <span class='ocrx_word' id='word_1_137' title='bbox 498 1210 542 1239; x_wconf 88' lang='lat' dir='ltr'><strong>sq.</strong></span> 
     </span>
    </p>

    <p class='ocr_par' dir='ltr' id='par_1_3' title="bbox 111 1241 823 1450">
     <span class='ocr_line' id='line_1_25' title="bbox 111 1241 823 1281; baseline 0.003 -11"><span class='ocrx_word' id='word_1_138' title='bbox 111 1241 254 1275; x_wconf 72' lang='lat' dir='ltr'><strong>StrabaX,</strong></span> <span class='ocrx_word' id='word_1_139' title='bbox 267 1243 304 1270; x_wconf 94' lang='lat' dir='ltr'><strong>ab</strong></span> <span class='ocrx_word' id='word_1_140' title='bbox 320 1242 476 1281; x_wconf 77' lang='lat' dir='ltr'><strong>Iphicrate</strong></span> <span class='ocrx_word' id='word_1_141' title='bbox 489 1241 732 1277; x_wconf 88' lang='lat' dir='ltr'><strong>commendatur,</strong></span> <span class='ocrx_word' id='word_1_142' title='bbox 745 1242 823 1272; x_wconf 89' lang='lat' dir='ltr'><strong>civis</strong></span> 
     </span>
     <span class='ocr_line' id='line_1_26' title="bbox 155 1284 822 1323; baseline 0.001 -10"><span class='ocrx_word' id='word_1_143' title='bbox 155 1284 198 1313; x_wconf 89' lang='lat' dir='ltr'><strong>fit.</strong></span> <span class='ocrx_word' id='word_1_144' title='bbox 213 1286 290 1319; x_wconf 72' lang='lat'><strong>48⁹2,</strong></span> <span class='ocrx_word' id='word_1_145' title='bbox 304 1285 356 1314; x_wconf 84' lang='lat'><strong>25.</strong></span> <span class='ocrx_word' id='word_1_146' title='bbox 380 1285 501 1314; x_wconf 88' lang='lat' dir='ltr'><strong>videtur</strong></span> <span class='ocrx_word' id='word_1_147' title='bbox 516 1285 682 1323; x_wconf 82' lang='lat' dir='ltr'><strong>Iphicratis</strong></span> <span class='ocrx_word' id='word_1_148' title='bbox 697 1286 726 1314; x_wconf 88' lang='lat' dir='ltr'><strong>in</strong></span> <span class='ocrx_word' id='word_1_149' title='bbox 744 1286 822 1315; x_wconf 91' lang='lat' dir='ltr'><strong>bello</strong></span> 
     </span>
     <span class='ocr_line' id='line_1_27' title="bbox 153 1327 823 1357; baseline 0.001 -1"><span class='ocrx_word' id='word_1_150' title='bbox 153 1327 348 1356; x_wconf 87' lang='lat' dir='ltr'><strong>Corinthiaco</strong></span> <span class='ocrx_word' id='word_1_151' title='bbox 364 1327 505 1355; x_wconf 73' lang='lat' dir='ltr'><strong>minister</strong></span> <span class='ocrx_word' id='word_1_152' title='bbox 521 1327 627 1356; x_wconf 84' lang='lat' dir='ltr'><strong>fuisse.</strong></span> <span class='ocrx_word' id='word_1_153' title='bbox 652 1328 823 1357; x_wconf 87' lang='lat' dir='ltr'><strong>nominatur</strong></span> 
     </span>
     <span class='ocr_line' id='line_1_28' title="bbox 152 1369 821 1409; baseline 0.003 -11"><span class='ocrx_word' id='word_1_154' title='bbox 152 1369 233 1398; x_wconf 90' lang='lat' dir='ltr'><strong>enim</strong></span> <span class='ocrx_word' id='word_1_155' title='bbox 250 1369 272 1398; x_wconf 86' lang='lat' dir='ltr'><strong>l.</strong></span> <span class='ocrx_word' id='word_1_156' title='bbox 285 1369 315 1398; x_wconf 89' lang='lat' dir='ltr'><strong>d.</strong></span> <span class='ocrx_word' id='word_1_157' title='bbox 340 1378 398 1397; x_wconf 90' lang='lat' dir='ltr'><strong>una</strong></span> <span class='ocrx_word' id='word_1_158' title='bbox 413 1378 483 1398; x_wconf 90' lang='lat' dir='ltr'><strong>cum</strong></span> <span class='ocrx_word' id='word_1_159' title='bbox 503 1369 690 1407; x_wconf 82' lang='lat' dir='ltr'><strong>Polystrato,</strong></span> <span class='ocrx_word' id='word_1_160' title='bbox 706 1370 744 1399; x_wconf 92' lang='lat' dir='ltr'><strong>de</strong></span> <span class='ocrx_word' id='word_1_161' title='bbox 760 1381 821 1409; x_wconf 90' lang='lat' dir='ltr'><strong>quo</strong></span> 
     </span>
     <span class='ocr_line' id='line_1_29' title="bbox 152 1413 373 1450; baseline -0.005 -9"><span class='ocrx_word' id='word_1_162' title='bbox 152 1423 184 1442; x_wconf 84' lang='lat' dir='ltr'><strong>v.</strong></span> <span class='ocrx_word' id='word_1_163' title='bbox 202 1421 234 1450; x_wconf 86' lang='lat' dir='ltr'><strong>p.</strong></span> <span class='ocrx_word' id='word_1_164' title='bbox 250 1413 303 1447; x_wconf 83' lang='lat'><strong>46,</strong></span> <span class='ocrx_word' id='word_1_165' title='bbox 321 1413 373 1443; x_wconf 77' lang='grc'><strong>20.</strong></span> 
     </span>
    </p>

    <p class='ocr_par' dir='ltr' id='par_1_4' title="bbox 108 1453 820 1537">
     <span class='ocr_line' id='line_1_30' title="bbox 108 1453 820 1492; baseline 0.001 -8"><span class='ocrx_word' id='word_1_166' title='bbox 108 1454 255 1490; x_wconf 80' lang='lat' dir='ltr'><strong>Stratius,</strong></span> <span class='ocrx_word' id='word_1_167' title='bbox 274 1453 382 1484; x_wconf 89' lang='lat' dir='ltr'><strong>Buseli</strong></span> <span class='ocrx_word' id='word_1_168' title='bbox 395 1453 486 1490; x_wconf 89' lang='lat' dir='ltr'><strong>filius,</strong></span> <span class='ocrx_word' id='word_1_169' title='bbox 502 1453 638 1485; x_wconf 87' lang='lat' dir='ltr'><strong>OEensis.</strong></span> <span class='ocrx_word' id='word_1_170' title='bbox 654 1456 751 1492; x_wconf 82' lang='lat'><strong>1055,</strong></span> <span class='ocrx_word' id='word_1_171' title='bbox 768 1458 820 1487; x_wconf 84' lang='lat'><strong>25.</strong></span> 
     </span>
     <span class='ocr_line' id='line_1_31' title="bbox 149 1498 350 1537; baseline 0 -10"><span class='ocrx_word' id='word_1_172' title='bbox 149 1502 180 1527; x_wconf 87' lang='lat' dir='ltr'><strong>et</strong></span> <span class='ocrx_word' id='word_1_173' title='bbox 195 1498 350 1537; x_wconf 84' lang='lat' dir='ltr'><strong>deinceps.</strong></span> 
     </span>
    </p>

    <p class='ocr_par' dir='ltr' id='par_1_5' title="bbox 107 1540 818 1665">
     <span class='ocr_line' id='line_1_32' title="bbox 107 1540 817 1579; baseline 0 -9"><span class='ocrx_word' id='word_1_174' title='bbox 107 1541 222 1576; x_wconf 90' lang='lat' dir='ltr'><strong>Strato,</strong></span> <span class='ocrx_word' id='word_1_175' title='bbox 242 1541 424 1575; x_wconf 85' lang='lat' dir='ltr'><strong>Phalereus,</strong></span> <span class='ocrx_word' id='word_1_176' title='bbox 441 1550 458 1569; x_wconf 86' lang='lat' dir='ltr'><strong>a</strong></span> <span class='ocrx_word' id='word_1_177' title='bbox 472 1540 573 1570; x_wconf 80' lang='lat' dir='ltr'><strong>Midia</strong></span> <span class='ocrx_word' id='word_1_178' title='bbox 587 1541 817 1579; x_wconf 87' lang='lat' dir='ltr'><strong>pessumdatus,</strong></span> 
     </span>
     <span class='ocr_line' id='line_1_33' title="bbox 149 1583 818 1622; baseline 0.001 -10"><span class='ocrx_word' id='word_1_179' title='bbox 149 1583 181 1613; x_wconf 89' lang='lat' dir='ltr'><strong>in</strong></span> <span class='ocrx_word' id='word_1_180' title='bbox 201 1593 288 1622; x_wconf 90' lang='lat' dir='ltr'><strong>quem</strong></span> <span class='ocrx_word' id='word_1_181' title='bbox 311 1593 368 1622; x_wconf 87' lang='lat' dir='ltr'><strong>pro</strong></span> <span class='ocrx_word' id='word_1_182' title='bbox 386 1584 592 1613; x_wconf 81' lang='lat' dir='ltr'><strong>Demosthene</strong></span> <span class='ocrx_word' id='word_1_183' title='bbox 608 1583 730 1613; x_wconf 84' lang='lat' dir='ltr'><strong>tulisset</strong></span> <span class='ocrx_word' id='word_1_184' title='bbox 751 1594 818 1613; x_wconf 81' lang='lat' dir='ltr'><strong>seu·</strong></span> 
     </span>
     <span class='ocr_line' id='line_1_34' title="bbox 149 1626 800 1665; baseline 0.002 -10"><span class='ocrx_word' id='word_1_185' title='bbox 149 1626 287 1662; x_wconf 89' lang='lat' dir='ltr'><strong>tentiam,</strong></span> <span class='ocrx_word' id='word_1_186' title='bbox 303 1626 418 1656; x_wconf 83' lang='lat' dir='ltr'><strong>arbiter</strong></span> <span class='ocrx_word' id='word_1_187' title='bbox 433 1626 579 1656; x_wconf 88' lang='lat' dir='ltr'><strong>delectus.</strong></span> <span class='ocrx_word' id='word_1_188' title='bbox 596 1627 670 1661; x_wconf 95' lang='grc'><strong>541,</strong></span> <span class='ocrx_word' id='word_1_189' title='bbox 687 1628 737 1656; x_wconf 86' lang='grc'><strong>17.</strong></span> <span class='ocrx_word' id='word_1_190' title='bbox 754 1637 800 1665; x_wconf 89' lang='lat' dir='ltr'><strong>sq.</strong></span> 
     </span>
    </p>

    <p class='ocr_par' dir='ltr' id='par_1_6' title="bbox 107 1670 781 1708">
     <span class='ocr_line' id='line_1_35' title="bbox 107 1670 781 1708; baseline 0 -10"><span class='ocrx_word' id='word_1_191' title='bbox 107 1671 243 1703; x_wconf 88' lang='lat' dir='ltr'><strong>Straton,</strong></span> <span class='ocrx_word' id='word_1_192' title='bbox 259 1680 275 1698; x_wconf 92' lang='lat' dir='ltr'><strong>e</strong></span> <span class='ocrx_word' id='word_1_193' title='bbox 289 1674 379 1708; x_wconf 89' lang='lat' dir='ltr'><strong>gente</strong></span> <span class='ocrx_word' id='word_1_194' title='bbox 396 1670 620 1699; x_wconf 82' lang='lat' dir='ltr'><strong>Buselidarum.</strong></span> <span class='ocrx_word' id='word_1_195' title='bbox 639 1672 732 1703; x_wconf 84' lang='lat'><strong>1064,</strong></span> <span class='ocrx_word' id='word_1_196' title='bbox 749 1672 781 1699; x_wconf 84' lang='lat'><strong>7.</strong></span> 
     </span>
    </p>
   </div>
   <div class='ocr_carea' id='block_1_3' title="bbox 106 1712 817 1793">
    <p class='ocr_par' dir='ltr' id='par_1_7' title="bbox 106 1712 817 1793">
     <span class='ocr_line' id='line_1_36' title="bbox 106 1712 817 1751; baseline -0.001 -9"><span class='ocrx_word' id='word_1_197' title='bbox 106 1712 285 1747; x_wconf 88' lang='lat' dir='ltr'><strong>Stratocles,</strong></span> <span class='ocrx_word' id='word_1_198' title='bbox 301 1722 388 1751; x_wconf 90' lang='lat' dir='ltr'><strong>quem</strong></span> <span class='ocrx_word' id='word_1_199' title='bbox 402 1716 503 1742; x_wconf 88' lang='lat' dir='ltr'><strong>orator</strong></span> <span class='ocrx_word' id='word_1_200' title='bbox 516 1723 547 1751; x_wconf 88' lang='lat' dir='ltr'><strong>p.</strong></span> <span class='ocrx_word' id='word_1_201' title='bbox 565 1714 638 1748; x_wconf 82' lang='lat'><strong>980,</strong></span> <span class='ocrx_word' id='word_1_202' title='bbox 653 1714 704 1741; x_wconf 84' lang='lat'><strong>21.</strong></span> <span class='ocrx_word' id='word_1_203' title='bbox 721 1712 817 1742; x_wconf 88' lang='lat' dir='ltr'><strong>homi-</strong></span> 
     </span>
     <span class='ocr_line' id='line_1_37' title="bbox 147 1755 816 1793; baseline 0 -9"><span class='ocrx_word' id='word_1_204' title='bbox 147 1765 216 1784; x_wconf 90' lang='lat' dir='ltr'><strong>nem</strong></span> <span class='ocrx_word' id='word_1_205' title='bbox 233 1755 367 1793; x_wconf 80' lang='lat' dir='ltr'><strong>appellat</strong></span> <span class='ocrx_word' id='word_1_206' title='bbox 382 1755 602 1792; x_wconf 82' lang='lat' dir='ltr'><strong>nequissimum</strong></span> <span class='ocrx_word' id='word_1_207' title='bbox 625 1760 655 1783; x_wconf 88' lang='lat' dir='ltr'><strong>et</strong></span> <span class='ocrx_word' id='word_1_208' title='bbox 671 1755 816 1784; x_wconf 85' lang='lat' dir='ltr'><strong>artificem</strong></span> 
     </span>
    </p>
   </div>
   <div class='ocr_carea' id='block_1_4' title="bbox 104 1795 816 2179">
    <p class='ocr_par' dir='ltr' id='par_1_8' title="bbox 147 1795 816 1879">
     <span class='ocr_line' id='line_1_38' title="bbox 147 1795 816 1835; baseline 0.001 -9"><span class='ocrx_word' id='word_1_209' title='bbox 147 1796 379 1827; x_wconf 81' lang='lat' dir='ltr'><strong>callidissimum</strong></span> <span class='ocrx_word' id='word_1_210' title='bbox 390 1795 536 1825; x_wconf 88' lang='lat' dir='ltr'><strong>orationis</strong></span> <span class='ocrx_word' id='word_1_211' title='bbox 551 1796 588 1825; x_wconf 87' lang='lat' dir='ltr'><strong>ad</strong></span> <span class='ocrx_word' id='word_1_212' title='bbox 601 1796 816 1835; x_wconf 87' lang='lat' dir='ltr'><strong>imponendum</strong></span> 
     </span>
     <span class='ocr_line' id='line_1_39' title="bbox 147 1839 332 1879; baseline -0.005 -11"><span class='ocrx_word' id='word_1_213' title='bbox 147 1839 332 1879; x_wconf 86' lang='lat' dir='ltr'><strong>plausibilis.</strong></span> 
     </span>
    </p>

    <p class='ocr_par' dir='ltr' id='par_1_9' title="bbox 104 1880 815 1956">
     <span class='ocr_line' id='line_1_40' title="bbox 104 1880 815 1922; baseline 0.001 -9"><span class='ocrx_word' id='word_1_214' title='bbox 104 1881 334 1922; x_wconf 67' lang='lat' dir='ltr'><strong>Strmodorns,</strong></span> <span class='ocrx_word' id='word_1_215' title='bbox 360 1881 393 1911; x_wconf 90' lang='lat' dir='ltr'><strong>in</strong></span> <span class='ocrx_word' id='word_1_216' title='bbox 423 1880 536 1920; x_wconf 85' lang='lat' dir='ltr'><strong>AEgina</strong></span> <span class='ocrx_word' id='word_1_217' title='bbox 558 1882 714 1920; x_wconf 75' lang='lat' dir='ltr'><strong>trapezita.</strong></span> <span class='ocrx_word' id='word_1_218' title='bbox 740 1883 815 1919; x_wconf 82' lang='lat'><strong>953,</strong></span> 
     </span>
     <span class='ocr_line' id='line_1_41' title="bbox 149 1927 201 1956; baseline 0 -1"><span class='ocrx_word' id='word_1_219' title='bbox 149 1927 201 1956; x_wconf 81' lang='lat'><strong>19.</strong></span> 
     </span>
    </p>

    <p class='ocr_par' dir='ltr' id='par_1_10' title="bbox 104 1966 814 2046">
     <span class='ocr_line' id='line_1_42' title="bbox 104 1966 814 2007; baseline -0.001 -8"><span class='ocrx_word' id='word_1_220' title='bbox 104 1968 237 1999; x_wconf 87' lang='lat' dir='ltr'><strong>Stratola</strong></span> <span class='ocrx_word' id='word_1_221' title='bbox 247 1966 404 1997; x_wconf 83' lang='lat' dir='ltr'><strong>meretrix.</strong></span> <span class='ocrx_word' id='word_1_222' title='bbox 417 1967 513 2001; x_wconf 80' lang='lat'><strong>1351,</strong></span> <span class='ocrx_word' id='word_1_223' title='bbox 525 1968 576 1996; x_wconf 87' lang='lat'><strong>14.</strong></span> <span class='ocrx_word' id='word_1_224' title='bbox 593 1966 651 1998; x_wconf 90' lang='lat' dir='ltr'><strong>nisi</strong></span> <span class='ocrx_word' id='word_1_225' title='bbox 662 1978 697 1997; x_wconf 89' lang='lat' dir='ltr'><strong>ea</strong></span> <span class='ocrx_word' id='word_1_226' title='bbox 710 1968 814 2007; x_wconf 88' lang='lat' dir='ltr'><strong>potius</strong></span> 
     </span>
     <span class='ocr_line' id='line_1_43' title="bbox 148 2009 633 2046; baseline -0.002 -5"><span class='ocrx_word' id='word_1_227' title='bbox 148 2009 309 2046; x_wconf 88' lang='lat' dir='ltr'><strong>Stratolea‚</strong></span> <span class='ocrx_word' id='word_1_228' title='bbox 325 2015 377 2039; x_wconf 89' lang='lat' dir='ltr'><strong>aut</strong></span> <span class='ocrx_word' id='word_1_229' title='bbox 392 2010 561 2039; x_wconf 84' lang='lat' dir='ltr'><strong>Stratoclea</strong></span> <span class='ocrx_word' id='word_1_230' title='bbox 576 2016 633 2040; x_wconf 88' lang='lat' dir='ltr'><strong>est.</strong></span> 
     </span>
    </p>

    <p class='ocr_par' dir='ltr' id='par_1_11' title="bbox 105 2052 814 2179">
     <span class='ocr_line' id='line_1_44' title="bbox 105 2052 814 2093; baseline 0 -10"><span class='ocrx_word' id='word_1_231' title='bbox 105 2056 296 2093; x_wconf 83' lang='lat' dir='ltr'><strong>Syracusana</strong></span> <span class='ocrx_word' id='word_1_232' title='bbox 320 2062 403 2091; x_wconf 87' lang='lat' dir='ltr'><strong>resp.</strong></span> <span class='ocrx_word' id='word_1_233' title='bbox 428 2052 520 2082; x_wconf 91' lang='lat' dir='ltr'><strong>docet</strong></span> <span class='ocrx_word' id='word_1_234' title='bbox 541 2052 669 2082; x_wconf 88' lang='lat' dir='ltr'><strong>subitam</strong></span> <span class='ocrx_word' id='word_1_235' title='bbox 685 2054 814 2083; x_wconf 79' lang='lat' dir='ltr'><strong>fortunae</strong></span> 
     </span>
     <span class='ocr_line' id='line_1_45' title="bbox 147 2095 814 2128; baseline 0.001 -2"><span class='ocrx_word' id='word_1_236' title='bbox 147 2095 423 2128; x_wconf 83' lang='lat' dir='ltr'><strong>commutationem,</strong></span> <span class='ocrx_word' id='word_1_237' title='bbox 438 2105 489 2124; x_wconf 89' lang='lat' dir='ltr'><strong>res</strong></span> <span class='ocrx_word' id='word_1_238' title='bbox 510 2095 659 2125; x_wconf 86' lang='lat' dir='ltr'><strong>secundas</strong></span> <span class='ocrx_word' id='word_1_239' title='bbox 677 2096 814 2127; x_wconf 85' lang='lat' dir='ltr'><strong>adversis</strong></span> 
     </span>
     <span class='ocr_line' id='line_1_46' title="bbox 148 2135 523 2179; baseline -0.005 -11"><span class='ocrx_word' id='word_1_240' title='bbox 148 2135 362 2179; x_wconf 66' lang='lat' dir='ltr'><strong>permutantis.</strong></span> <span class='ocrx_word' id='word_1_241' title='bbox 380 2139 454 2173; x_wconf 87' lang='lat'><strong>506,</strong></span> <span class='ocrx_word' id='word_1_242' title='bbox 472 2140 523 2168; x_wconf 88' lang='lat'><strong>18.</strong></span> 
     </span>
    </p>
   </div>
   <div class='ocr_carea' id='block_1_5' title="bbox 438 2286 474 2315">
    <p class='ocr_par' dir='ltr' id='par_1_12' title="bbox 438 2286 474 2315">
     <span class='ocr_line' id='line_1_47' title="bbox 438 2286 474 2315; baseline 0.028 -1"><span class='ocrx_word' id='word_1_243' title='bbox 438 2286 474 2315; x_wconf 89' lang='lat' dir='ltr'><strong>T.</strong></span> 
     </span>
    </p>
   </div>
   <div class='ocr_carea' id='block_1_6' title="bbox 97 2395 812 2990">
    <p class='ocr_par' dir='ltr' id='par_1_13' title="bbox 100 2395 810 2469">
     <span class='ocr_line' id='line_1_48' title="bbox 100 2395 810 2447; baseline 0.001 -22"><span class='ocrx_word' id='word_1_244' title='bbox 100 2396 245 2430; x_wconf 80' lang='lat' dir='ltr'><strong>Taureas,</strong></span> <span class='ocrx_word' id='word_1_245' title='bbox 259 2396 424 2434; x_wconf 87' lang='lat' dir='ltr'><strong>choregum</strong></span> <span class='ocrx_word' id='word_1_246' title='bbox 441 2404 547 2434; x_wconf 86' lang='lat' dir='ltr'><strong>agens,</strong></span> <span class='ocrx_word' id='word_1_247' title='bbox 564 2395 689 2434; x_wconf 82' lang='lat' dir='ltr'><strong>vapulat</strong></span> <span class='ocrx_word' id='word_1_248' title='bbox 704 2396 741 2425; x_wconf 93' lang='lat' dir='ltr'><strong>ab</strong></span> <span class='ocrx_word' id='word_1_249' title='bbox 757 2395 810 2447; x_wconf 80' lang='lat' dir='ltr'><strong>Al</strong></span> 
     </span>
     <span class='ocr_line' id='line_1_49' title="bbox 144 2439 412 2473; baseline 0 -5"><span class='ocrx_word' id='word_1_250' title='bbox 144 2439 279 2468; x_wconf 87' lang='lat' dir='ltr'><strong>kibiade.</strong></span> <span class='ocrx_word' id='word_1_251' title='bbox 292 2440 367 2473; x_wconf 78' lang='grc'><strong>562,</strong></span> <span class='ocrx_word' id='word_1_252' title='bbox 382 2441 412 2468; x_wconf 87' lang='grc'><strong>8.</strong></span> 
     </span>
    </p>

    <p class='ocr_par' dir='ltr' id='par_1_14' title="bbox 99 2480 812 2644">
     <span class='ocr_line' id='line_1_50' title="bbox 99 2480 812 2520; baseline 0.001 -10"><span class='ocrx_word' id='word_1_253' title='bbox 99 2482 245 2515; x_wconf 87' lang='lat' dir='ltr'><strong>Taureas,</strong></span> <span class='ocrx_word' id='word_1_254' title='bbox 276 2481 474 2511; x_wconf 86' lang='lat' dir='ltr'><strong>Demostheni</strong></span> <span class='ocrx_word' id='word_1_255' title='bbox 503 2480 643 2520; x_wconf 86' lang='lat' dir='ltr'><strong>aequalis,</strong></span> <span class='ocrx_word' id='word_1_256' title='bbox 673 2481 731 2520; x_wconf 90' lang='lat' dir='ltr'><strong>qui</strong></span> <span class='ocrx_word' id='word_1_257' title='bbox 754 2491 812 2511; x_wconf 88' lang='lat' dir='ltr'><strong>una</strong></span> 
     </span>
     <span class='ocr_line' id='line_1_51' title="bbox 142 2524 810 2564; baseline 0 -11"><span class='ocrx_word' id='word_1_258' title='bbox 142 2534 210 2553; x_wconf 89' lang='lat' dir='ltr'><strong>cum</strong></span> <span class='ocrx_word' id='word_1_259' title='bbox 222 2524 384 2560; x_wconf 85' lang='lat' dir='ltr'><strong>Moerocle,</strong></span> <span class='ocrx_word' id='word_1_260' title='bbox 400 2529 430 2554; x_wconf 91' lang='lat' dir='ltr'><strong>et</strong></span> <span class='ocrx_word' id='word_1_261' title='bbox 446 2524 562 2553; x_wconf 83' lang='lat' dir='ltr'><strong>Pataco</strong></span> <span class='ocrx_word' id='word_1_262' title='bbox 572 2524 672 2564; x_wconf 88' lang='lat' dir='ltr'><strong>(circa</strong></span> <span class='ocrx_word' id='word_1_263' title='bbox 688 2529 810 2564; x_wconf 89' lang='lat' dir='ltr'><strong>tempus</strong></span> 
     </span>
     <span class='ocr_line' id='line_1_52' title="bbox 143 2566 811 2606; baseline 0.003 -11"><span class='ocrx_word' id='word_1_264' title='bbox 143 2576 247 2595; x_wconf 89' lang='lat' dir='ltr'><strong>causae</strong></span> <span class='ocrx_word' id='word_1_265' title='bbox 271 2567 459 2606; x_wconf 84' lang='lat' dir='ltr'><strong>Harpalicae,</strong></span> <span class='ocrx_word' id='word_1_266' title='bbox 474 2566 506 2595; x_wconf 86' lang='lat' dir='ltr'><strong>ni</strong></span> <span class='ocrx_word' id='word_1_267' title='bbox 521 2566 637 2606; x_wconf 86' lang='lat' dir='ltr'><strong>fallor),</strong></span> <span class='ocrx_word' id='word_1_268' title='bbox 657 2567 686 2596; x_wconf 90' lang='lat' dir='ltr'><strong>in</strong></span> <span class='ocrx_word' id='word_1_269' title='bbox 708 2571 811 2597; x_wconf 82' lang='lat' dir='ltr'><strong>custo-</strong></span> 
     </span>
     <span class='ocr_line' id='line_1_53' title="bbox 142 2608 753 2644; baseline 0.005 -7"><span class='ocrx_word' id='word_1_270' title='bbox 142 2609 224 2638; x_wconf 89' lang='lat' dir='ltr'><strong>diam</strong></span> <span class='ocrx_word' id='word_1_271' title='bbox 242 2608 355 2638; x_wconf 83' lang='lat' dir='ltr'><strong>dicitur</strong></span> <span class='ocrx_word' id='word_1_272' title='bbox 366 2610 462 2640; x_wconf 85' lang='lat' dir='ltr'><strong>fuisse</strong></span> <span class='ocrx_word' id='word_1_273' title='bbox 479 2610 579 2639; x_wconf 77' lang='lat' dir='ltr'><strong>datus.</strong></span> <span class='ocrx_word' id='word_1_274' title='bbox 593 2612 687 2644; x_wconf 77' lang='lat'><strong>1478,</strong></span> <span class='ocrx_word' id='word_1_275' title='bbox 702 2613 753 2641; x_wconf 89' lang='lat'><strong>18.</strong></span> 
     </span>
    </p>

    <p class='ocr_par' dir='ltr' id='par_1_15' title="bbox 98 2651 778 2691">
     <span class='ocr_line' id='line_1_54' title="bbox 98 2651 778 2691; baseline 0.003 -11"><span class='ocrx_word' id='word_1_276' title='bbox 98 2651 294 2687; x_wconf 85' lang='lat' dir='ltr'><strong>Teledamus,</strong></span> <span class='ocrx_word' id='word_1_277' title='bbox 307 2652 454 2690; x_wconf 88' lang='lat' dir='ltr'><strong>Argivus,</strong></span> <span class='ocrx_word' id='word_1_278' title='bbox 469 2652 620 2691; x_wconf 84' lang='lat' dir='ltr'><strong>proditor.</strong></span> <span class='ocrx_word' id='word_1_279' title='bbox 635 2656 710 2688; x_wconf 85' lang='grc'><strong>324,</strong></span> <span class='ocrx_word' id='word_1_280' title='bbox 726 2655 778 2682; x_wconf 90' lang='grc'><strong>10.</strong></span> 
     </span>
    </p>

    <p class='ocr_par' dir='ltr' id='par_1_16' title="bbox 98 2694 810 2853">
     <span class='ocr_line' id='line_1_55' title="bbox 98 2694 810 2735; baseline 0.003 -12"><span class='ocrx_word' id='word_1_281' title='bbox 98 2694 298 2724; x_wconf 85' lang='lat' dir='ltr'><strong>Telemachus</strong></span> <span class='ocrx_word' id='word_1_282' title='bbox 322 2705 441 2724; x_wconf 88' lang='lat' dir='ltr'><strong>causam</strong></span> <span class='ocrx_word' id='word_1_283' title='bbox 463 2695 670 2734; x_wconf 75' lang='lat' dir='ltr'><strong>pecuniariam</strong></span> <span class='ocrx_word' id='word_1_284' title='bbox 694 2696 758 2735; x_wconf 82' lang='lat' dir='ltr'><strong>agit</strong></span> <span class='ocrx_word' id='word_1_285' title='bbox 779 2695 810 2725; x_wconf 90' lang='lat' dir='ltr'><strong>in</strong></span> 
     </span>
     <span class='ocr_line' id='line_1_56' title="bbox 143 2737 743 2776; baseline 0.007 -11"><span class='ocrx_word' id='word_1_286' title='bbox 143 2737 363 2766; x_wconf 84' lang='lat' dir='ltr'><strong>Pantaenetum.</strong></span> <span class='ocrx_word' id='word_1_287' title='bbox 380 2739 455 2772; x_wconf 76' lang='lat'><strong>963,</strong></span> <span class='ocrx_word' id='word_1_288' title='bbox 471 2748 535 2776; x_wconf 84' lang='lat' dir='ltr'><strong>arg.</strong></span> <span class='ocrx_word' id='word_1_289' title='bbox 553 2741 583 2767; x_wconf 89' lang='lat'><strong>1.</strong></span> <span class='ocrx_word' id='word_1_290' title='bbox 599 2741 674 2775; x_wconf 86' lang='grc'><strong>967,</strong></span> <span class='ocrx_word' id='word_1_291' title='bbox 691 2741 743 2769; x_wconf 79' lang='grc'><strong>24.</strong></span> 
     </span>
     <span class='ocr_line' id='line_1_57' title="bbox 143 2822 551 2858; baseline 0.008 -8"><span class='ocrx_word' id='word_1_292' title='bbox 143 2822 247 2850; x_wconf 86' lang='lat' dir='ltr'><strong>sthene</strong></span> <span class='ocrx_word' id='word_1_293' title='bbox 262 2822 414 2851; x_wconf 90' lang='lat' dir='ltr'><strong>meritum.</strong></span> <span class='ocrx_word' id='word_1_294' title='bbox 431 2824 506 2858; x_wconf 86' lang='lat'><strong>520,</strong></span> <span class='ocrx_word' id='word_1_295' title='bbox 523 2825 551 2853; x_wconf 87' lang='lat'><strong>9.</strong></span> 
     </span>
    </p>

    <p class='ocr_par' dir='ltr' id='par_1_17' title="bbox 98 2865 810 2943">
     <span class='ocr_line' id='line_1_58' title="bbox 98 2865 810 2905; baseline 0.001 -10"><span class='ocrx_word' id='word_1_296' title='bbox 98 2865 277 2903; x_wconf 85' lang='lat' dir='ltr'><strong>Telesippe‚</strong></span> <span class='ocrx_word' id='word_1_297' title='bbox 294 2874 371 2893; x_wconf 88' lang='lat' dir='ltr'><strong>uxor</strong></span> <span class='ocrx_word' id='word_1_298' title='bbox 393 2866 526 2894; x_wconf 88' lang='lat' dir='ltr'><strong>secunda</strong></span> <span class='ocrx_word' id='word_1_299' title='bbox 548 2865 699 2905; x_wconf 80' lang='lat' dir='ltr'><strong>Philagri,</strong></span> <span class='ocrx_word' id='word_1_300' title='bbox 713 2871 810 2897; x_wconf 84' lang='lat' dir='ltr'><strong>mater</strong></span> 
     </span>
     <span class='ocr_line' id='line_1_59' title="bbox 142 2907 508 2943; baseline 0.003 -7"><span class='ocrx_word' id='word_1_301' title='bbox 142 2907 327 2937; x_wconf 85' lang='lat' dir='ltr'><strong>Menesthei.</strong></span> <span class='ocrx_word' id='word_1_302' title='bbox 346 2909 440 2943; x_wconf 76' lang='lat'><strong>1064,</strong></span> <span class='ocrx_word' id='word_1_303' title='bbox 457 2908 508 2937; x_wconf 86' lang='lat'><strong>15.</strong></span> 
     </span>
    </p>

    <p class='ocr_par' dir='ltr' id='par_1_18' title="bbox 97 2949 809 2990">
     <span class='ocr_line' id='line_1_60' title="bbox 97 2949 809 2990; baseline 0.003 -10"><span class='ocrx_word' id='word_1_304' title='bbox 97 2950 293 2988; x_wconf 80' lang='lat' dir='ltr'><strong>Tercentum,</strong></span> <span class='ocrx_word' id='word_1_305' title='bbox 307 2950 329 2981; x_wconf 78' lang='lat' dir='ltr'><strong>oi</strong></span> <span class='ocrx_word' id='word_1_306' title='bbox 347 2949 508 2990; x_wconf 68' lang='grc' dir='ltr'><strong>τριακόσιοι,</strong></span> <span class='ocrx_word' id='word_1_307' title='bbox 518 2950 662 2982; x_wconf 77' lang='lat' dir='ltr'><strong>ditissimi</strong></span> <span class='ocrx_word' id='word_1_308' title='bbox 671 2951 809 2984; x_wconf 80' lang='lat' dir='ltr'><strong>Athenis.</strong></span> 
     </span>
    </p>
   </div>
   <div class='ocr_carea' id='block_1_7' title="bbox 1499 160 1580 201">
    <p class='ocr_par' dir='ltr' id='par_1_19' title="bbox 1499 160 1580 201">
     <span class='ocr_line' id='line_1_61' title="bbox 1499 160 1580 201; baseline 0 0"><span class='ocrx_word' id='word_1_309' title='bbox 1499 160 1580 201; x_wconf 88' lang='grc'><strong>323</strong></span> 
     </span>
    </p>
   </div>
   <div class='ocr_carea' id='block_1_8' title="bbox 841 259 1607 2983">
    <p class='ocr_par' dir='ltr' id='par_1_20' title="bbox 908 259 1581 629">
     <span class='ocr_line' id='line_1_62' title="bbox 913 259 1581 303; baseline 0.01 -16"><span class='ocrx_word' id='word_1_310' title='bbox 913 259 967 293; x_wconf 91' lang='grc'><strong>26,</strong></span> <span class='ocrx_word' id='word_1_311' title='bbox 984 259 1036 288; x_wconf 86' lang='grc'><strong>25.</strong></span> <span class='ocrx_word' id='word_1_312' title='bbox 1068 259 1184 288; x_wconf 87' lang='lat' dir='ltr'><strong>Decem</strong></span> <span class='ocrx_word' id='word_1_313' title='bbox 1206 264 1291 290; x_wconf 87' lang='lat' dir='ltr'><strong>erant</strong></span> <span class='ocrx_word' id='word_1_314' title='bbox 1313 261 1485 303; x_wconf 76' lang='grc' dir='ltr'><strong>συμμορίαι,</strong></span> <span class='ocrx_word' id='word_1_315' title='bbox 1509 274 1581 294; x_wconf 89' lang='lat' dir='ltr'><strong>con-</strong></span> 
     </span>
     <span class='ocr_line' id='line_1_63' title="bbox 913 300 1579 337; baseline 0.012 -9"><span class='ocrx_word' id='word_1_316' title='bbox 913 304 1028 329; x_wconf 87' lang='lat' dir='ltr'><strong>stantes</strong></span> <span class='ocrx_word' id='word_1_317' title='bbox 1047 300 1123 330; x_wconf 87' lang='lat' dir='ltr'><strong>viris</strong></span> <span class='ocrx_word' id='word_1_318' title='bbox 1140 304 1236 337; x_wconf 83' lang='grc'><strong>1200,</strong></span> <span class='ocrx_word' id='word_1_319' title='bbox 1260 303 1475 334; x_wconf 86' lang='lat' dir='ltr'><strong>dividebantur</strong></span> <span class='ocrx_word' id='word_1_320' title='bbox 1494 305 1525 335; x_wconf 91' lang='lat' dir='ltr'><strong>hi</strong></span> <span class='ocrx_word' id='word_1_321' title='bbox 1548 306 1579 336; x_wconf 84' lang='lat' dir='ltr'><strong>in</strong></span> 
     </span>
     <span class='ocr_line' id='line_1_64' title="bbox 911 343 1579 383; baseline 0.011 -11"><span class='ocrx_word' id='word_1_322' title='bbox 911 343 985 372; x_wconf 91' lang='lat' dir='ltr'><strong>duas</strong></span> <span class='ocrx_word' id='word_1_323' title='bbox 1001 352 1103 381; x_wconf 85' lang='lat' dir='ltr'><strong>aequas</strong></span> <span class='ocrx_word' id='word_1_324' title='bbox 1119 344 1284 383; x_wconf 82' lang='lat' dir='ltr'><strong>portiones.</strong></span> <span class='ocrx_word' id='word_1_325' title='bbox 1308 346 1367 376; x_wconf 86' lang='lat' dir='ltr'><strong>hoc</strong></span> <span class='ocrx_word' id='word_1_326' title='bbox 1388 353 1435 377; x_wconf 90' lang='lat' dir='ltr'><strong>est</strong></span> <span class='ocrx_word' id='word_1_327' title='bbox 1451 359 1579 378; x_wconf 90' lang='lat' dir='ltr'><strong>sexcen-</strong></span> 
     </span>
     <span class='ocr_line' id='line_1_65' title="bbox 911 386 1578 429; baseline 0.011 -15"><span class='ocrx_word' id='word_1_328' title='bbox 911 389 959 414; x_wconf 83' lang='lat' dir='ltr'><strong>tos</strong></span> <span class='ocrx_word' id='word_1_329' title='bbox 973 386 1074 415; x_wconf 86' lang='lat' dir='ltr'><strong>viros·</strong></span> <span class='ocrx_word' id='word_1_330' title='bbox 1068 409 1076 423; x_wconf 88' lang='lat'>‚</span> <span class='ocrx_word' id='word_1_331' title='bbox 1099 396 1226 424; x_wconf 89' lang='lat' dir='ltr'><strong>quorum</strong></span> <span class='ocrx_word' id='word_1_332' title='bbox 1239 397 1343 417; x_wconf 87' lang='lat' dir='ltr'><strong>rursus</strong></span> <span class='ocrx_word' id='word_1_333' title='bbox 1357 390 1482 420; x_wconf 88' lang='lat' dir='ltr'><strong>dimidia</strong></span> <span class='ocrx_word' id='word_1_334' title='bbox 1495 401 1578 429; x_wconf 80' lang='lat' dir='ltr'><strong>parS,</strong></span> 
     </span>
     <span class='ocr_line' id='line_1_66' title="bbox 910 428 1577 463; baseline 0.01 -7"><span class='ocrx_word' id='word_1_335' title='bbox 910 438 962 457; x_wconf 81' lang='lat' dir='ltr'><strong>seu</strong></span> <span class='ocrx_word' id='word_1_336' title='bbox 991 431 1066 463; x_wconf 83' lang='lat'><strong>300,</strong></span> <span class='ocrx_word' id='word_1_337' title='bbox 1097 428 1246 458; x_wconf 81' lang='lat' dir='ltr'><strong>annuatim</strong></span> <span class='ocrx_word' id='word_1_338' title='bbox 1276 431 1386 460; x_wconf 89' lang='lat' dir='ltr'><strong>muniis</strong></span> <span class='ocrx_word' id='word_1_339' title='bbox 1410 434 1577 463; x_wconf 84' lang='lat' dir='ltr'><strong>sumtuosis</strong></span> 
     </span>
     <span class='ocr_line' id='line_1_67' title="bbox 909 471 1575 509; baseline 0.011 -10"><span class='ocrx_word' id='word_1_340' title='bbox 909 471 1119 509; x_wconf 81' lang='lat' dir='ltr'><strong>fungebantur.</strong></span> <span class='ocrx_word' id='word_1_341' title='bbox 1164 472 1213 500; x_wconf 85' lang='lat' dir='ltr'><strong>Ita</strong></span> <span class='ocrx_word' id='word_1_342' title='bbox 1229 472 1314 500; x_wconf 89' lang='lat' dir='ltr'><strong>vices</strong></span> <span class='ocrx_word' id='word_1_343' title='bbox 1333 473 1519 504; x_wconf 76' lang='lat' dir='ltr'><strong>functionum</strong></span> <span class='ocrx_word' id='word_1_344' title='bbox 1538 477 1575 506; x_wconf 90' lang='lat' dir='ltr'><strong>ad</strong></span> 
     </span>
     <span class='ocr_line' id='line_1_68' title="bbox 909 513 1577 555; baseline 0.007 -13"><span class='ocrx_word' id='word_1_345' title='bbox 909 513 1089 552; x_wconf 84' lang='lat' dir='ltr'><strong>locupletem</strong></span> <span class='ocrx_word' id='word_1_346' title='bbox 1104 524 1253 553; x_wconf 88' lang='lat' dir='ltr'><strong>quemque</strong></span> <span class='ocrx_word' id='word_1_347' title='bbox 1270 514 1400 552; x_wconf 78' lang='lat' dir='ltr'><strong>singulis</strong></span> <span class='ocrx_word' id='word_1_348' title='bbox 1416 518 1577 555; x_wconf 78' lang='lat' dir='ltr'><strong>quadrien-</strong></span> 
     </span>
     <span class='ocr_line' id='line_1_69' title="bbox 908 556 1576 592; baseline 0.009 -8"><span class='ocrx_word' id='word_1_349' title='bbox 908 556 968 585; x_wconf 86' lang='lat' dir='ltr'><strong>niis</strong></span> <span class='ocrx_word' id='word_1_350' title='bbox 985 557 1116 585; x_wconf 83' lang='lat' dir='ltr'><strong>evolutis</strong></span> <span class='ocrx_word' id='word_1_351' title='bbox 1133 558 1284 592; x_wconf 83' lang='lat' dir='ltr'><strong>redibant,</strong></span> <span class='ocrx_word' id='word_1_352' title='bbox 1304 558 1330 586; x_wconf 88' lang='lat' dir='ltr'><strong>si</strong></span> <span class='ocrx_word' id='word_1_353' title='bbox 1356 568 1428 588; x_wconf 84' lang='lat' dir='ltr'><strong>vera</strong></span> <span class='ocrx_word' id='word_1_354' title='bbox 1448 561 1576 590; x_wconf 83' lang='lat' dir='ltr'><strong>tradidit</strong></span> 
     </span>
     <span class='ocr_line' id='line_1_70' title="bbox 908 599 1178 629; baseline 0.007 -2"><span class='ocrx_word' id='word_1_355' title='bbox 908 599 1096 629; x_wconf 79' lang='lat' dir='ltr'><strong>Scholiastes</strong></span> <span class='ocrx_word' id='word_1_356' title='bbox 1111 600 1142 629; x_wconf 89' lang='lat' dir='ltr'><strong>d.</strong></span> <span class='ocrx_word' id='word_1_357' title='bbox 1159 601 1178 629; x_wconf 89' lang='lat' dir='ltr'><strong>l.</strong></span> 
     </span>
    </p>

    <p class='ocr_par' dir='ltr' id='par_1_21' title="bbox 864 642 1576 724">
     <span class='ocr_line' id='line_1_71' title="bbox 864 642 1576 681; baseline 0.004 -10"><span class='ocrx_word' id='word_1_358' title='bbox 864 642 971 677; x_wconf 68' lang='lat' dir='ltr'><strong>Tenes,</strong></span> <span class='ocrx_word' id='word_1_359' title='bbox 985 643 1101 677; x_wconf 88' lang='lat' dir='ltr'><strong>Thrax,</strong></span> <span class='ocrx_word' id='word_1_360' title='bbox 1120 642 1244 672; x_wconf 86' lang='lat' dir='ltr'><strong>civitate</strong></span> <span class='ocrx_word' id='word_1_361' title='bbox 1268 643 1371 673; x_wconf 78' lang='lat' dir='ltr'><strong>Attica</strong></span> <span class='ocrx_word' id='word_1_362' title='bbox 1394 644 1536 681; x_wconf 84' lang='lat' dir='ltr'><strong>donatus,</strong></span> <span class='ocrx_word' id='word_1_363' title='bbox 1559 655 1576 675; x_wconf 86' lang='lat' dir='ltr'><strong>a</strong></span> 
     </span>
     <span class='ocr_line' id='line_1_72' title="bbox 907 684 1410 724; baseline 0.006 -11"><span class='ocrx_word' id='word_1_364' title='bbox 907 684 1053 724; x_wconf 89' lang='lat' dir='ltr'><strong>Philippo</strong></span> <span class='ocrx_word' id='word_1_365' title='bbox 1069 686 1254 724; x_wconf 78' lang='lat' dir='ltr'><strong>exagitatus.</strong></span> <span class='ocrx_word' id='word_1_366' title='bbox 1273 688 1346 720; x_wconf 88' lang='lat'><strong>160,</strong></span> <span class='ocrx_word' id='word_1_367' title='bbox 1360 688 1410 716; x_wconf 88' lang='grc'><strong>19.</strong></span> 
     </span>
    </p>

    <p class='ocr_par' dir='ltr' id='par_1_22' title="bbox 862 727 1574 807">
     <span class='ocr_line' id='line_1_73' title="bbox 862 727 1574 768; baseline 0.004 -12"><span class='ocrx_word' id='word_1_368' title='bbox 862 727 992 762; x_wconf 89' lang='lat' dir='ltr'><strong>Tereus,</strong></span> <span class='ocrx_word' id='word_1_369' title='bbox 1007 729 1099 757; x_wconf 88' lang='lat' dir='ltr'><strong>frater</strong></span> <span class='ocrx_word' id='word_1_370' title='bbox 1123 729 1297 763; x_wconf 83' lang='lat' dir='ltr'><strong>Pandionis,</strong></span> <span class='ocrx_word' id='word_1_371' title='bbox 1321 729 1448 768; x_wconf 88' lang='lat' dir='ltr'><strong>punitus</strong></span> <span class='ocrx_word' id='word_1_372' title='bbox 1464 739 1481 758; x_wconf 88' lang='lat' dir='ltr'><strong>a</strong></span> <span class='ocrx_word' id='word_1_373' title='bbox 1496 729 1574 759; x_wconf 90' lang='lat' dir='ltr'><strong>Pro-</strong></span> 
     </span>
     <span class='ocr_line' id='line_1_74' title="bbox 906 771 1389 807; baseline 0.006 -9"><span class='ocrx_word' id='word_1_374' title='bbox 906 780 962 799; x_wconf 88' lang='lat' dir='ltr'><strong>cne</strong></span> <span class='ocrx_word' id='word_1_375' title='bbox 976 776 1005 799; x_wconf 90' lang='lat' dir='ltr'><strong>et</strong></span> <span class='ocrx_word' id='word_1_376' title='bbox 1023 771 1203 800; x_wconf 87' lang='lat' dir='ltr'><strong>Philomela.</strong></span> <span class='ocrx_word' id='word_1_377' title='bbox 1222 774 1317 807; x_wconf 81' lang='lat'><strong>1397,</strong></span> <span class='ocrx_word' id='word_1_378' title='bbox 1335 772 1389 801; x_wconf 86' lang='lat' dir='ltr'><strong>ult.</strong></span> 
     </span>
    </p>

    <p class='ocr_par' dir='ltr' id='par_1_23' title="bbox 862 813 1550 849">
     <span class='ocr_line' id='line_1_75' title="bbox 862 813 1550 849; baseline 0.006 -8"><span class='ocrx_word' id='word_1_379' title='bbox 862 813 1030 848; x_wconf 79' lang='lat' dir='ltr'><strong>Tharrhex‚</strong></span> <span class='ocrx_word' id='word_1_380' title='bbox 1047 815 1083 843; x_wconf 92' lang='lat' dir='ltr'><strong>ab</strong></span> <span class='ocrx_word' id='word_1_381' title='bbox 1101 814 1222 843; x_wconf 91' lang='lat' dir='ltr'><strong>Eubulo</strong></span> <span class='ocrx_word' id='word_1_382' title='bbox 1238 818 1410 844; x_wconf 88' lang='lat' dir='ltr'><strong>accusatus.</strong></span> <span class='ocrx_word' id='word_1_383' title='bbox 1427 818 1501 849; x_wconf 85' lang='lat'><strong>401,</strong></span> <span class='ocrx_word' id='word_1_384' title='bbox 1521 819 1550 845; x_wconf 86' lang='lat'><strong>1.</strong></span> 
     </span>
    </p>

    <p class='ocr_par' dir='ltr' id='par_1_24' title="bbox 860 855 1573 1110">
     <span class='ocr_line' id='line_1_76' title="bbox 860 855 1573 896; baseline 0.004 -12"><span class='ocrx_word' id='word_1_385' title='bbox 860 855 1039 885; x_wconf 89' lang='lat' dir='ltr'><strong>Thasiorum</strong></span> <span class='ocrx_word' id='word_1_386' title='bbox 1065 857 1224 895; x_wconf 88' lang='lat' dir='ltr'><strong>quosdam,</strong></span> <span class='ocrx_word' id='word_1_387' title='bbox 1240 857 1416 896; x_wconf 90' lang='lat' dir='ltr'><strong>Philippus,</strong></span> <span class='ocrx_word' id='word_1_388' title='bbox 1436 857 1497 886; x_wconf 89' lang='lat' dir='ltr'><strong>sibi</strong></span> <span class='ocrx_word' id='word_1_389' title='bbox 1519 859 1573 887; x_wconf 84' lang='lat' dir='ltr'><strong>de-</strong></span> 
     </span>
     <span class='ocr_line' id='line_1_77' title="bbox 903 898 1571 935; baseline 0.004 -8"><span class='ocrx_word' id='word_1_390' title='bbox 903 898 997 933; x_wconf 90' lang='lat' dir='ltr'><strong>ditos,</strong></span> <span class='ocrx_word' id='word_1_391' title='bbox 1009 900 1046 928; x_wconf 92' lang='lat' dir='ltr'><strong>ab</strong></span> <span class='ocrx_word' id='word_1_392' title='bbox 1056 900 1166 929; x_wconf 85' lang='lat' dir='ltr'><strong>exsilio</strong></span> <span class='ocrx_word' id='word_1_393' title='bbox 1177 901 1300 929; x_wconf 90' lang='lat' dir='ltr'><strong>domum</strong></span> <span class='ocrx_word' id='word_1_394' title='bbox 1313 900 1443 930; x_wconf 86' lang='lat' dir='ltr'><strong>reducit.</strong></span> <span class='ocrx_word' id='word_1_395' title='bbox 1454 903 1507 935; x_wconf 89' lang='lat'><strong>80,</strong></span> <span class='ocrx_word' id='word_1_396' title='bbox 1521 903 1571 930; x_wconf 88' lang='lat'><strong>12.</strong></span> 
     </span>
     <span class='ocr_line' id='line_1_78' title="bbox 902 941 1573 982; baseline 0.004 -12"><span class='ocrx_word' id='word_1_397' title='bbox 902 941 1006 970; x_wconf 83' lang='lat' dir='ltr'><strong>Thasii</strong></span> <span class='ocrx_word' id='word_1_398' title='bbox 1028 943 1225 982; x_wconf 89' lang='lat' dir='ltr'><strong>receptabaut</strong></span> <span class='ocrx_word' id='word_1_399' title='bbox 1247 943 1469 981; x_wconf 84' lang='lat' dir='ltr'><strong>Byzantiorum</strong></span> <span class='ocrx_word' id='word_1_400' title='bbox 1491 943 1573 982; x_wconf 84' lang='lat' dir='ltr'><strong>pira-</strong></span> 
     </span>
     <span class='ocr_line' id='line_1_79' title="bbox 902 985 1570 1021; baseline 0.003 -8"><span class='ocrx_word' id='word_1_401' title='bbox 902 987 962 1013; x_wconf 87' lang='lat' dir='ltr'><strong>tas.</strong></span> <span class='ocrx_word' id='word_1_402' title='bbox 983 985 1056 1021; x_wconf 89' lang='grc'><strong>159,</strong></span> <span class='ocrx_word' id='word_1_403' title='bbox 1080 988 1109 1016; x_wconf 90' lang='grc'><strong>6.</strong></span> <span class='ocrx_word' id='word_1_404' title='bbox 1131 985 1261 1015; x_wconf 89' lang='lat' dir='ltr'><strong>Thasios</strong></span> <span class='ocrx_word' id='word_1_405' title='bbox 1285 990 1315 1014; x_wconf 89' lang='lat' dir='ltr'><strong>et</strong></span> <span class='ocrx_word' id='word_1_406' title='bbox 1338 986 1508 1015; x_wconf 87' lang='lat' dir='ltr'><strong>Maronitas</strong></span> <span class='ocrx_word' id='word_1_407' title='bbox 1531 987 1570 1016; x_wconf 88' lang='lat' dir='ltr'><strong>de</strong></span> 
     </span>
     <span class='ocr_line' id='line_1_80' title="bbox 902 1027 1570 1068; baseline 0.006 -13"><span class='ocrx_word' id='word_1_408' title='bbox 902 1027 1022 1065; x_wconf 77' lang='lat' dir='ltr'><strong>Stryma</strong></span> <span class='ocrx_word' id='word_1_409' title='bbox 1036 1028 1188 1067; x_wconf 87' lang='lat' dir='ltr'><strong>litigantes</strong></span> <span class='ocrx_word' id='word_1_410' title='bbox 1201 1028 1352 1068; x_wconf 86' lang='lat' dir='ltr'><strong>cogebant</strong></span> <span class='ocrx_word' id='word_1_411' title='bbox 1362 1029 1471 1058; x_wconf 83' lang='lat' dir='ltr'><strong>Athen.</strong></span> <span class='ocrx_word' id='word_1_412' title='bbox 1484 1028 1570 1059; x_wconf 89' lang='lat' dir='ltr'><strong>litem</strong></span> 
     </span>
     <span class='ocr_line' id='line_1_81' title="bbox 902 1070 1382 1110; baseline 0.002 -12"><span class='ocrx_word' id='word_1_413' title='bbox 902 1070 1016 1099; x_wconf 89' lang='lat' dir='ltr'><strong>arbitro</strong></span> <span class='ocrx_word' id='word_1_414' title='bbox 1032 1071 1220 1110; x_wconf 88' lang='lat' dir='ltr'><strong>permittere.</strong></span> <span class='ocrx_word' id='word_1_415' title='bbox 1237 1073 1311 1107; x_wconf 82' lang='lat'><strong>163,</strong></span> <span class='ocrx_word' id='word_1_416' title='bbox 1330 1073 1382 1100; x_wconf 91' lang='grc'><strong>17.</strong></span> 
     </span>
    </p>

    <p class='ocr_par' dir='ltr' id='par_1_25' title="bbox 859 1112 1607 2134">
     <span class='ocr_line' id='line_1_82' title="bbox 859 1112 1570 1152; baseline 0.004 -11"><span class='ocrx_word' id='word_1_417' title='bbox 859 1112 994 1142; x_wconf 90' lang='lat' dir='ltr'><strong>Thebani</strong></span> <span class='ocrx_word' id='word_1_418' title='bbox 1010 1124 1146 1152; x_wconf 83' lang='lat' dir='ltr'><strong>quaenam</strong></span> <span class='ocrx_word' id='word_1_419' title='bbox 1165 1114 1194 1143; x_wconf 91' lang='lat' dir='ltr'><strong>in</strong></span> <span class='ocrx_word' id='word_1_420' title='bbox 1217 1115 1298 1144; x_wconf 87' lang='lat' dir='ltr'><strong>bello</strong></span> <span class='ocrx_word' id='word_1_421' title='bbox 1322 1114 1474 1143; x_wconf 87' lang='lat' dir='ltr'><strong>Phocensi</strong></span> <span class='ocrx_word' id='word_1_422' title='bbox 1495 1114 1570 1144; x_wconf 88' lang='lat' dir='ltr'><strong>Phi-</strong></span> 
     </span>
     <span class='ocr_line' id='line_1_83' title="bbox 901 1155 1569 1195; baseline 0.004 -11"><span class='ocrx_word' id='word_1_423' title='bbox 901 1155 1018 1194; x_wconf 84' lang='lat' dir='ltr'><strong>lippum</strong></span> <span class='ocrx_word' id='word_1_424' title='bbox 1043 1157 1224 1194; x_wconf 86' lang='lat' dir='ltr'><strong>postularint</strong></span> <span class='ocrx_word' id='word_1_425' title='bbox 1247 1162 1277 1187; x_wconf 92' lang='lat' dir='ltr'><strong>et</strong></span> <span class='ocrx_word' id='word_1_426' title='bbox 1297 1157 1499 1195; x_wconf 85' lang='lat' dir='ltr'><strong>impetrarint.</strong></span> <span class='ocrx_word' id='word_1_427' title='bbox 1516 1159 1569 1193; x_wconf 81' lang='lat'><strong>62,</strong></span> 
     </span>
     <span class='ocr_line' id='line_1_84' title="bbox 901 1199 1569 1238; baseline 0.004 -11"><span class='ocrx_word' id='word_1_428' title='bbox 901 1201 953 1229; x_wconf 88' lang='lat'><strong>12.</strong></span> <span class='ocrx_word' id='word_1_429' title='bbox 976 1209 993 1228; x_wconf 90' lang='lat' dir='ltr'><strong>a</strong></span> <span class='ocrx_word' id='word_1_430' title='bbox 1015 1199 1151 1229; x_wconf 88' lang='lat' dir='ltr'><strong>Timolao</strong></span> <span class='ocrx_word' id='word_1_431' title='bbox 1175 1205 1245 1229; x_wconf 91' lang='lat' dir='ltr'><strong>sunt</strong></span> <span class='ocrx_word' id='word_1_432' title='bbox 1267 1200 1394 1238; x_wconf 84' lang='lat' dir='ltr'><strong>proditi.</strong></span> <span class='ocrx_word' id='word_1_433' title='bbox 1419 1202 1494 1236; x_wconf 79' lang='grc'><strong>241,</strong></span> <span class='ocrx_word' id='word_1_434' title='bbox 1517 1202 1569 1231; x_wconf 84' lang='grc'><strong>26.</strong></span> 
     </span>
     <span class='ocr_line' id='line_1_85' title="bbox 900 1241 1570 1282; baseline 0.006 -13"><span class='ocrx_word' id='word_1_435' title='bbox 900 1241 1113 1272; x_wconf 86' lang='lat' dir='ltr'><strong>Thebanorum</strong></span> <span class='ocrx_word' id='word_1_436' title='bbox 1139 1242 1286 1272; x_wconf 82' lang='lat' dir='ltr'><strong>facientes</strong></span> <span class='ocrx_word' id='word_1_437' title='bbox 1317 1252 1385 1272; x_wconf 90' lang='lat' dir='ltr'><strong>cum</strong></span> <span class='ocrx_word' id='word_1_438' title='bbox 1411 1242 1570 1282; x_wconf 86' lang='lat' dir='ltr'><strong>Philippo.</strong></span> 
     </span>
     <span class='ocr_line' id='line_1_86' title="bbox 900 1285 1568 1325; baseline 0 -11"><span class='ocrx_word' id='word_1_439' title='bbox 900 1285 975 1318; x_wconf 79' lang='grc'><strong>324,</strong></span> <span class='ocrx_word' id='word_1_440' title='bbox 993 1288 1044 1316; x_wconf 86' lang='grc'><strong>15.</strong></span> <span class='ocrx_word' id='word_1_441' title='bbox 1062 1286 1100 1314; x_wconf 92' lang='lat' dir='ltr'><strong>ab</strong></span> <span class='ocrx_word' id='word_1_442' title='bbox 1117 1285 1354 1314; x_wconf 84' lang='lat' dir='ltr'><strong>Atheniensibus</strong></span> <span class='ocrx_word' id='word_1_443' title='bbox 1372 1286 1568 1325; x_wconf 76' lang='lat' dir='ltr'><strong>expelluntur</strong></span> 
     </span>
     <span class='ocr_line' id='line_1_87' title="bbox 900 1326 1569 1366; baseline 0.004 -11"><span class='ocrx_word' id='word_1_444' title='bbox 900 1326 1028 1356; x_wconf 87' lang='lat' dir='ltr'><strong>Euboea.</strong></span> <span class='ocrx_word' id='word_1_445' title='bbox 1051 1329 1126 1363; x_wconf 88' lang='grc'><strong>597,</strong></span> <span class='ocrx_word' id='word_1_446' title='bbox 1151 1330 1202 1358; x_wconf 88' lang='lat'><strong>20.</strong></span> <span class='ocrx_word' id='word_1_447' title='bbox 1230 1328 1331 1363; x_wconf 87' lang='lat' dir='ltr'><strong>dolus,</strong></span> <span class='ocrx_word' id='word_1_448' title='bbox 1350 1338 1409 1366; x_wconf 90' lang='lat' dir='ltr'><strong>quo</strong></span> <span class='ocrx_word' id='word_1_449' title='bbox 1437 1329 1569 1358; x_wconf 83' lang='lat' dir='ltr'><strong>Plataeas</strong></span> 
     </span>
     <span class='ocr_line' id='line_1_88' title="bbox 899 1370 1566 1409; baseline 0.006 -12"><span class='ocrx_word' id='word_1_450' title='bbox 899 1371 1070 1407; x_wconf 82' lang='lat' dir='ltr'><strong>captabant,</strong></span> <span class='ocrx_word' id='word_1_451' title='bbox 1087 1380 1154 1399; x_wconf 89' lang='lat' dir='ltr'><strong>cum</strong></span> <span class='ocrx_word' id='word_1_452' title='bbox 1180 1370 1318 1409; x_wconf 87' lang='lat' dir='ltr'><strong>ipsorum</strong></span> <span class='ocrx_word' id='word_1_453' title='bbox 1341 1371 1427 1400; x_wconf 81' lang='lat' dir='ltr'><strong>clade</strong></span> <span class='ocrx_word' id='word_1_454' title='bbox 1451 1371 1566 1401; x_wconf 87' lang='lat' dir='ltr'><strong>elusus.</strong></span> 
     </span>
     <span class='ocr_line' id='line_1_89' title="bbox 899 1412 1565 1451; baseline 0.006 -11"><span class='ocrx_word' id='word_1_455' title='bbox 899 1414 994 1447; x_wconf 75' lang='lat'><strong>1378,</strong></span> <span class='ocrx_word' id='word_1_456' title='bbox 1024 1415 1074 1443; x_wconf 87' lang='lat'><strong>21.</strong></span> <span class='ocrx_word' id='word_1_457' title='bbox 1105 1423 1149 1451; x_wconf 89' lang='lat' dir='ltr'><strong>sq.</strong></span> <span class='ocrx_word' id='word_1_458' title='bbox 1179 1412 1371 1451; x_wconf 85' lang='lat' dir='ltr'><strong>appellantur</strong></span> <span class='ocrx_word' id='word_1_459' title='bbox 1393 1413 1565 1450; x_wconf 66' lang='grc' dir='ltr'><strong>ἀναίσθητοι,</strong></span> 
     </span>
     <span class='ocr_line' id='line_1_90' title="bbox 897 1455 1566 1491; baseline 0.004 -7"><span class='ocrx_word' id='word_1_460' title='bbox 897 1455 988 1489; x_wconf 87' lang='lat' dir='ltr'><strong>tardi,</strong></span> <span class='ocrx_word' id='word_1_461' title='bbox 1014 1456 1117 1491; x_wconf 87' lang='lat' dir='ltr'><strong>scaevi,</strong></span> <span class='ocrx_word' id='word_1_462' title='bbox 1144 1455 1323 1485; x_wconf 85' lang='lat' dir='ltr'><strong>illiberales.</strong></span> <span class='ocrx_word' id='word_1_463' title='bbox 1339 1458 1391 1491; x_wconf 87' lang='lat'><strong>61,</strong></span> <span class='ocrx_word' id='word_1_464' title='bbox 1410 1460 1439 1486; x_wconf 92' lang='lat'><strong>1.</strong></span> <span class='ocrx_word' id='word_1_465' title='bbox 1465 1468 1566 1487; x_wconf 82' lang='lat' dir='ltr'><strong>causae</strong></span> 
     </span>
     <span class='ocr_line' id='line_1_91' title="bbox 897 1498 1567 1534; baseline 0.006 -8"><span class='ocrx_word' id='word_1_466' title='bbox 897 1498 959 1527; x_wconf 91' lang='lat' dir='ltr'><strong>odii</strong></span> <span class='ocrx_word' id='word_1_467' title='bbox 975 1498 1087 1527; x_wconf 90' lang='lat' dir='ltr'><strong>Athen.</strong></span> <span class='ocrx_word' id='word_1_468' title='bbox 1103 1498 1252 1527; x_wconf 85' lang='lat' dir='ltr'><strong>adversus</strong></span> <span class='ocrx_word' id='word_1_469' title='bbox 1269 1509 1334 1527; x_wconf 88' lang='lat' dir='ltr'><strong>eos.</strong></span> <span class='ocrx_word' id='word_1_470' title='bbox 1345 1501 1419 1534; x_wconf 83' lang='grc'><strong>231,</strong></span> <span class='ocrx_word' id='word_1_471' title='bbox 1433 1501 1464 1530; x_wconf 89' lang='grc'><strong>3.</strong></span> <span class='ocrx_word' id='word_1_472' title='bbox 1488 1510 1505 1529; x_wconf 88' lang='lat' dir='ltr'><strong>a</strong></span> <span class='ocrx_word' id='word_1_473' title='bbox 1520 1501 1567 1530; x_wconf 78' lang='lat' dir='ltr'><strong>vi·</strong></span> 
     </span>
     <span class='ocr_line' id='line_1_92' title="bbox 896 1539 1569 1573; baseline 0.006 -4"><span class='ocrx_word' id='word_1_474' title='bbox 896 1539 993 1569; x_wconf 84' lang='lat' dir='ltr'><strong>ctoria</strong></span> <span class='ocrx_word' id='word_1_475' title='bbox 1010 1540 1170 1570; x_wconf 87' lang='lat' dir='ltr'><strong>Leuctrica</strong></span> <span class='ocrx_word' id='word_1_476' title='bbox 1185 1541 1435 1571; x_wconf 79' lang='lat' dir='ltr'><strong>Lacedaemonios</strong></span> <span class='ocrx_word' id='word_1_477' title='bbox 1453 1543 1569 1573; x_wconf 88' lang='lat' dir='ltr'><strong>exstir-</strong></span> 
     </span>
     <span class='ocr_line' id='line_1_93' title="bbox 896 1584 1565 1621; baseline 0.004 -9"><span class='ocrx_word' id='word_1_478' title='bbox 896 1588 1012 1621; x_wconf 87' lang='lat' dir='ltr'><strong>patum,</strong></span> <span class='ocrx_word' id='word_1_479' title='bbox 1045 1589 1076 1613; x_wconf 85' lang='lat' dir='ltr'><strong>et</strong></span> <span class='ocrx_word' id='word_1_480' title='bbox 1107 1584 1252 1612; x_wconf 86' lang='lat' dir='ltr'><strong>Euboeam</strong></span> <span class='ocrx_word' id='word_1_481' title='bbox 1285 1584 1343 1613; x_wconf 90' lang='lat' dir='ltr'><strong>sibi</strong></span> <span class='ocrx_word' id='word_1_482' title='bbox 1375 1584 1565 1615; x_wconf 86' lang='lat' dir='ltr'><strong>vindicatum</strong></span> 
     </span>
     <span class='ocr_line' id='line_1_94' title="bbox 895 1626 1566 1662; baseline 0.006 -8"><span class='ocrx_word' id='word_1_483' title='bbox 895 1626 999 1662; x_wconf 89' lang='lat' dir='ltr'><strong>ibant;</strong></span> <span class='ocrx_word' id='word_1_484' title='bbox 1024 1626 1079 1655; x_wconf 89' lang='lat' dir='ltr'><strong>sed</strong></span> <span class='ocrx_word' id='word_1_485' title='bbox 1097 1626 1327 1656; x_wconf 86' lang='lat' dir='ltr'><strong>intercedebant</strong></span> <span class='ocrx_word' id='word_1_486' title='bbox 1349 1628 1566 1658; x_wconf 83' lang='lat' dir='ltr'><strong>Athenienses.</strong></span> 
     </span>
     <span class='ocr_line' id='line_1_95' title="bbox 897 1669 1607 1709; baseline 0.004 -10"><span class='ocrx_word' id='word_1_487' title='bbox 897 1670 971 1703; x_wconf 83' lang='grc'><strong>258,</strong></span> <span class='ocrx_word' id='word_1_488' title='bbox 988 1679 1056 1707; x_wconf 90' lang='lat' dir='ltr'><strong>pen.</strong></span> <span class='ocrx_word' id='word_1_489' title='bbox 1097 1669 1240 1708; x_wconf 91' lang='lat' dir='ltr'><strong>Philippo</strong></span> <span class='ocrx_word' id='word_1_490' title='bbox 1266 1670 1402 1700; x_wconf 85' lang='lat' dir='ltr'><strong>Elateam</strong></span> <span class='ocrx_word' id='word_1_491' title='bbox 1426 1671 1566 1709; x_wconf 87' lang='lat' dir='ltr'><strong>rapiente</strong></span> <span class='ocrx_word' id='word_1_492' title='bbox 1604 1691 1607 1692; x_wconf 33' lang='grc' dir='ltr'><em>ν</em></span> 
     </span>
     <span class='ocr_line' id='line_1_96' title="bbox 896 1713 1565 1750; baseline 0.006 -10"><span class='ocrx_word' id='word_1_493' title='bbox 896 1713 1026 1750; x_wconf 88' lang='lat' dir='ltr'><strong>cogebat</strong></span> <span class='ocrx_word' id='word_1_494' title='bbox 1039 1716 1135 1741; x_wconf 88' lang='lat' dir='ltr'><strong>metus</strong></span> <span class='ocrx_word' id='word_1_495' title='bbox 1151 1713 1325 1746; x_wconf 87' lang='lat' dir='ltr'><strong>Thebanos,</strong></span> <span class='ocrx_word' id='word_1_496' title='bbox 1338 1718 1368 1742; x_wconf 87' lang='lat' dir='ltr'><strong>ut</strong></span> <span class='ocrx_word' id='word_1_497' title='bbox 1385 1713 1415 1742; x_wconf 91' lang='lat' dir='ltr'><strong>iu</strong></span> <span class='ocrx_word' id='word_1_498' title='bbox 1433 1714 1565 1744; x_wconf 88' lang='lat' dir='ltr'><strong>societa-</strong></span> 
     </span>
     <span class='ocr_line' id='line_1_97' title="bbox 895 1754 1566 1793; baseline 0.006 -10"><span class='ocrx_word' id='word_1_499' title='bbox 895 1759 956 1783; x_wconf 85' lang='lat' dir='ltr'><strong>tem</strong></span> <span class='ocrx_word' id='word_1_500' title='bbox 981 1754 1052 1783; x_wconf 77' lang='lat' dir='ltr'><strong>belli</strong></span> <span class='ocrx_word' id='word_1_501' title='bbox 1075 1765 1144 1784; x_wconf 88' lang='lat' dir='ltr'><strong>cum</strong></span> <span class='ocrx_word' id='word_1_502' title='bbox 1166 1755 1276 1784; x_wconf 88' lang='lat' dir='ltr'><strong>Athen.</strong></span> <span class='ocrx_word' id='word_1_503' title='bbox 1301 1755 1428 1790; x_wconf 87' lang='lat' dir='ltr'><strong>coirent,</strong></span> <span class='ocrx_word' id='word_1_504' title='bbox 1453 1762 1514 1793; x_wconf 89' lang='lat' dir='ltr'><strong>aut,</strong></span> <span class='ocrx_word' id='word_1_505' title='bbox 1540 1757 1566 1787; x_wconf 90' lang='lat' dir='ltr'><strong>si</strong></span> 
     </span>
     <span class='ocr_line' id='line_1_98' title="bbox 895 1797 1565 1832; baseline 0.007 -7"><span class='ocrx_word' id='word_1_506' title='bbox 895 1797 1097 1826; x_wconf 87' lang='lat' dir='ltr'><strong>Demostheni</strong></span> <span class='ocrx_word' id='word_1_507' title='bbox 1113 1797 1279 1832; x_wconf 88' lang='lat' dir='ltr'><strong>credimus,</strong></span> <span class='ocrx_word' id='word_1_508' title='bbox 1303 1797 1565 1830; x_wconf 81' lang='lat' dir='ltr'><strong>cohortationibus</strong></span> 
     </span>
     <span class='ocr_line' id='line_1_99' title="bbox 893 1838 1564 1880; baseline 0.006 -12"><span class='ocrx_word' id='word_1_509' title='bbox 893 1838 946 1868; x_wconf 87' lang='lat' dir='ltr'><strong>ille</strong></span> <span class='ocrx_word' id='word_1_510' title='bbox 962 1840 1025 1868; x_wconf 90' lang='lat' dir='ltr'><strong>suis</strong></span> <span class='ocrx_word' id='word_1_511' title='bbox 1038 1850 1091 1869; x_wconf 90' lang='lat' dir='ltr'><strong>eos</strong></span> <span class='ocrx_word' id='word_1_512' title='bbox 1115 1841 1323 1878; x_wconf 86' lang='lat' dir='ltr'><strong>permovebat.</strong></span> <span class='ocrx_word' id='word_1_513' title='bbox 1340 1842 1413 1876; x_wconf 83' lang='lat'><strong>287,</strong></span> <span class='ocrx_word' id='word_1_514' title='bbox 1431 1852 1476 1880; x_wconf 92' lang='lat' dir='ltr'><strong>sq.</strong></span> <span class='ocrx_word' id='word_1_515' title='bbox 1506 1843 1564 1872; x_wconf 90' lang='lat' dir='ltr'><strong>hoc</strong></span> 
     </span>
     <span class='ocr_line' id='line_1_100' title="bbox 894 1881 1567 1925; baseline 0.007 -15"><span class='ocrx_word' id='word_1_516' title='bbox 894 1885 959 1911; x_wconf 89' lang='lat' dir='ltr'><strong>erat</strong></span> <span class='ocrx_word' id='word_1_517' title='bbox 973 1881 1091 1911; x_wconf 89' lang='lat' dir='ltr'><strong>initium</strong></span> <span class='ocrx_word' id='word_1_518' title='bbox 1104 1882 1258 1911; x_wconf 85' lang='lat' dir='ltr'><strong>societatis</strong></span> <span class='ocrx_word' id='word_1_519' title='bbox 1270 1882 1390 1913; x_wconf 88' lang='lat' dir='ltr'><strong>illorum</strong></span> <span class='ocrx_word' id='word_1_520' title='bbox 1403 1884 1495 1914; x_wconf 87' lang='lat' dir='ltr'><strong>duum</strong></span> <span class='ocrx_word' id='word_1_521' title='bbox 1512 1897 1567 1925; x_wconf 91' lang='lat' dir='ltr'><strong>po-</strong></span> 
     </span>
     <span class='ocr_line' id='line_1_101' title="bbox 893 1924 1560 1964; baseline 0.008 -11"><span class='ocrx_word' id='word_1_522' title='bbox 893 1925 1035 1963; x_wconf 90' lang='lat' dir='ltr'><strong>pulorum</strong></span> <span class='ocrx_word' id='word_1_523' title='bbox 1061 1924 1091 1954; x_wconf 89' lang='lat' dir='ltr'><strong>in</strong></span> <span class='ocrx_word' id='word_1_524' title='bbox 1117 1925 1197 1954; x_wconf 89' lang='lat' dir='ltr'><strong>bello</strong></span> <span class='ocrx_word' id='word_1_525' title='bbox 1225 1925 1414 1964; x_wconf 86' lang='lat' dir='ltr'><strong>Philippico.</strong></span> <span class='ocrx_word' id='word_1_526' title='bbox 1438 1930 1513 1964; x_wconf 89' lang='lat'><strong>291,</strong></span> <span class='ocrx_word' id='word_1_527' title='bbox 1531 1932 1560 1959; x_wconf 90' lang='grc'><strong>9.</strong></span> 
     </span>
     <span class='ocr_line' id='line_1_102' title="bbox 892 1967 1562 2008; baseline 0.008 -12.046"><span class='ocrx_word' id='word_1_528' title='bbox 892 1968 1029 1997; x_wconf 89' lang='lat' dir='ltr'><strong>Thebani</strong></span> <span class='ocrx_word' id='word_1_529' title='bbox 1045 1969 1084 1996; x_wconf 89' lang='lat' dir='ltr'><strong>ob</strong></span> <span class='ocrx_word' id='word_1_530' title='bbox 1101 1967 1330 2007; x_wconf 83' lang='lat' dir='ltr'><strong>perversitatem</strong></span> <span class='ocrx_word' id='word_1_531' title='bbox 1348 1974 1440 2008; x_wconf 91' lang='lat' dir='ltr'><strong>atque</strong></span> <span class='ocrx_word' id='word_1_532' title='bbox 1456 1971 1562 2001; x_wconf 81' lang='lat' dir='ltr'><strong>inima-</strong></span> 
     </span>
     <span class='ocr_line' id='line_1_103' title="bbox 891 2010 1562 2053; baseline 0.006 -14"><span class='ocrx_word' id='word_1_533' title='bbox 891 2010 1015 2040; x_wconf 85' lang='lat' dir='ltr'><strong>nitatem</strong></span> <span class='ocrx_word' id='word_1_534' title='bbox 1030 2011 1198 2039; x_wconf 87' lang='lat' dir='ltr'><strong>animorum</strong></span> <span class='ocrx_word' id='word_1_535' title='bbox 1217 2015 1306 2049; x_wconf 91' lang='lat' dir='ltr'><strong>atque</strong></span> <span class='ocrx_word' id='word_1_536' title='bbox 1328 2021 1445 2042; x_wconf 89' lang='lat' dir='ltr'><strong>morum</strong></span> <span class='ocrx_word' id='word_1_537' title='bbox 1464 2015 1562 2053; x_wconf 87' lang='lat' dir='ltr'><strong>magis</strong></span> 
     </span>
     <span class='ocr_line' id='line_1_104' title="bbox 893 2052 1560 2092; baseline 0.009 -11"><span class='ocrx_word' id='word_1_538' title='bbox 893 2052 951 2082; x_wconf 92' lang='lat' dir='ltr'><strong>sibi</strong></span> <span class='ocrx_word' id='word_1_539' title='bbox 964 2053 1136 2092; x_wconf 86' lang='lat' dir='ltr'><strong>placebant,</strong></span> <span class='ocrx_word' id='word_1_540' title='bbox 1149 2063 1238 2091; x_wconf 85' lang='lat' dir='ltr'><strong>quam</strong></span> <span class='ocrx_word' id='word_1_541' title='bbox 1252 2054 1454 2084; x_wconf 86' lang='lat' dir='ltr'><strong>Athenienses</strong></span> <span class='ocrx_word' id='word_1_542' title='bbox 1466 2057 1505 2086; x_wconf 90' lang='lat' dir='ltr'><strong>de</strong></span> <span class='ocrx_word' id='word_1_543' title='bbox 1517 2057 1560 2086; x_wconf 87' lang='lat' dir='ltr'><strong>ci-</strong></span> 
     </span>
     <span class='ocr_line' id='line_1_105' title="bbox 892 2095 1460 2134; baseline 0.007 -10"><span class='ocrx_word' id='word_1_544' title='bbox 892 2095 1009 2126; x_wconf 86' lang='lat' dir='ltr'><strong>vilitate</strong></span> <span class='ocrx_word' id='word_1_545' title='bbox 1025 2101 1114 2134; x_wconf 87' lang='lat' dir='ltr'><strong>atque</strong></span> <span class='ocrx_word' id='word_1_546' title='bbox 1130 2095 1326 2125; x_wconf 84' lang='lat' dir='ltr'><strong>humanitate.</strong></span> <span class='ocrx_word' id='word_1_547' title='bbox 1343 2099 1416 2132; x_wconf 83' lang='lat'><strong>490,</strong></span> <span class='ocrx_word' id='word_1_548' title='bbox 1429 2099 1460 2128; x_wconf 87' lang='lat'><strong>5.</strong></span> 
     </span>
    </p>

    <p class='ocr_par' dir='ltr' id='par_1_26' title="bbox 846 2137 1560 2260">
     <span class='ocr_line' id='line_1_106' title="bbox 846 2137 1560 2176; baseline 0.008 -9"><span class='ocrx_word' id='word_1_549' title='bbox 846 2137 1009 2168; x_wconf 87' lang='lat' dir='ltr'><strong>Themison</strong></span> <span class='ocrx_word' id='word_1_550' title='bbox 1022 2139 1251 2174; x_wconf 80' lang='lat' dir='ltr'><strong>etTheodoru5‚</strong></span> <span class='ocrx_word' id='word_1_551' title='bbox 1264 2140 1465 2176; x_wconf 88' lang='lat' dir='ltr'><strong>Euboeenses,</strong></span> <span class='ocrx_word' id='word_1_552' title='bbox 1480 2142 1560 2173; x_wconf 85' lang='lat' dir='ltr'><strong>Oro-</strong></span> 
     </span>
     <span class='ocr_line' id='line_1_107' title="bbox 890 2181 1559 2223; baseline 0.007 -13"><span class='ocrx_word' id='word_1_553' title='bbox 890 2191 963 2220; x_wconf 90' lang='lat' dir='ltr'><strong>pum</strong></span> <span class='ocrx_word' id='word_1_554' title='bbox 1001 2181 1073 2211; x_wconf 92' lang='lat' dir='ltr'><strong>dolo</strong></span> <span class='ocrx_word' id='word_1_555' title='bbox 1102 2181 1341 2212; x_wconf 85' lang='lat' dir='ltr'><strong>Atheniensibus</strong></span> <span class='ocrx_word' id='word_1_556' title='bbox 1378 2183 1559 2223; x_wconf 79' lang='lat' dir='ltr'><strong>eripiebant.</strong></span> 
     </span>
     <span class='ocr_line' id='line_1_108' title="bbox 892 2226 1035 2260; baseline -0.007 -5"><span class='ocrx_word' id='word_1_557' title='bbox 892 2226 966 2260; x_wconf 83' lang='grc'><strong>259,</strong></span> <span class='ocrx_word' id='word_1_558' title='bbox 984 2227 1035 2254; x_wconf 91' lang='grc'><strong>10.</strong></span> 
     </span>
    </p>

    <p class='ocr_par' dir='ltr' id='par_1_27' title="bbox 846 2267 1561 2469">
     <span class='ocr_line' id='line_1_109' title="bbox 846 2267 1561 2309; baseline 0.006 -11"><span class='ocrx_word' id='word_1_559' title='bbox 846 2267 1079 2303; x_wconf 80' lang='lat' dir='ltr'><strong>Themistocles,</strong></span> <span class='ocrx_word' id='word_1_560' title='bbox 1097 2267 1285 2298; x_wconf 86' lang='lat' dir='ltr'><strong>clarissimus</strong></span> <span class='ocrx_word' id='word_1_561' title='bbox 1295 2268 1472 2309; x_wconf 82' lang='lat' dir='ltr'><strong>imperator,</strong></span> <span class='ocrx_word' id='word_1_562' title='bbox 1484 2272 1561 2302; x_wconf 85' lang='lat' dir='ltr'><strong>Per-</strong></span> 
     </span>
     <span class='ocr_line' id='line_1_110' title="bbox 890 2310 1561 2353; baseline 0.009 -14"><span class='ocrx_word' id='word_1_563' title='bbox 890 2321 939 2340; x_wconf 88' lang='lat' dir='ltr'><strong>sas</strong></span> <span class='ocrx_word' id='word_1_564' title='bbox 961 2311 1001 2340; x_wconf 88' lang='lat' dir='ltr'><strong>ad</strong></span> <span class='ocrx_word' id='word_1_565' title='bbox 1023 2310 1176 2340; x_wconf 86' lang='lat' dir='ltr'><strong>Salamina</strong></span> <span class='ocrx_word' id='word_1_566' title='bbox 1199 2311 1324 2341; x_wconf 89' lang='lat' dir='ltr'><strong>devicit.</strong></span> <span class='ocrx_word' id='word_1_567' title='bbox 1352 2314 1426 2348; x_wconf 89' lang='grc'><strong>296,</strong></span> <span class='ocrx_word' id='word_1_568' title='bbox 1444 2316 1473 2343; x_wconf 91' lang='grc'><strong>8.</strong></span> <span class='ocrx_word' id='word_1_569' title='bbox 1501 2325 1561 2353; x_wconf 83' lang='lat' dir='ltr'><strong>qua</strong></span> 
     </span>
     <span class='ocr_line' id='line_1_111' title="bbox 889 2353 1559 2394; baseline 0.004 -12"><span class='ocrx_word' id='word_1_570' title='bbox 889 2357 954 2383; x_wconf 87' lang='lat' dir='ltr'><strong>arte</strong></span> <span class='ocrx_word' id='word_1_571' title='bbox 969 2354 1104 2383; x_wconf 85' lang='lat' dir='ltr'><strong>Athenas</strong></span> <span class='ocrx_word' id='word_1_572' title='bbox 1121 2353 1241 2383; x_wconf 84' lang='lat' dir='ltr'><strong>moeniis</strong></span> <span class='ocrx_word' id='word_1_573' title='bbox 1258 2355 1399 2394; x_wconf 89' lang='lat' dir='ltr'><strong>sepserit.</strong></span> <span class='ocrx_word' id='word_1_574' title='bbox 1414 2357 1488 2391; x_wconf 86' lang='grc'><strong>478,</strong></span> <span class='ocrx_word' id='word_1_575' title='bbox 1506 2360 1559 2388; x_wconf 77' lang='grc'><strong>25.</strong></span> 
     </span>
     <span class='ocr_line' id='line_1_112' title="bbox 888 2396 1557 2435; baseline 0.007 -10"><span class='ocrx_word' id='word_1_576' title='bbox 888 2406 966 2435; x_wconf 89' lang='lat' dir='ltr'><strong>quos</strong></span> <span class='ocrx_word' id='word_1_577' title='bbox 991 2396 1018 2426; x_wconf 93' lang='lat' dir='ltr'><strong>ei</strong></span> <span class='ocrx_word' id='word_1_578' title='bbox 1040 2396 1169 2426; x_wconf 88' lang='lat' dir='ltr'><strong>honores</strong></span> <span class='ocrx_word' id='word_1_579' title='bbox 1191 2396 1275 2427; x_wconf 76' lang='lat' dir='ltr'><strong>cives</strong></span> <span class='ocrx_word' id='word_1_580' title='bbox 1298 2398 1465 2428; x_wconf 87' lang='lat' dir='ltr'><strong>habuerint.</strong></span> <span class='ocrx_word' id='word_1_581' title='bbox 1482 2402 1557 2435; x_wconf 89' lang='lat'><strong>686,</strong></span> 
     </span>
     <span class='ocr_line' id='line_1_113' title="bbox 889 2441 941 2469; baseline 0 -1"><span class='ocrx_word' id='word_1_582' title='bbox 889 2441 941 2469; x_wconf 89' lang='grc'><strong>12.</strong></span> 
     </span>
    </p>

    <p class='ocr_par' dir='ltr' id='par_1_28' title="bbox 844 2481 1353 2521">
     <span class='ocr_line' id='line_1_114' title="bbox 844 2481 1353 2521; baseline 0.004 -10"><span class='ocrx_word' id='word_1_583' title='bbox 844 2481 1006 2517; x_wconf 86' lang='lat' dir='ltr'><strong>Theocles,</strong></span> <span class='ocrx_word' id='word_1_584' title='bbox 1020 2482 1179 2521; x_wconf 88' lang='lat' dir='ltr'><strong>trapezita.</strong></span> <span class='ocrx_word' id='word_1_585' title='bbox 1196 2484 1291 2518; x_wconf 83' lang='grc'><strong>1249,</strong></span> <span class='ocrx_word' id='word_1_586' title='bbox 1303 2485 1353 2512; x_wconf 90' lang='grc'><strong>10.</strong></span> 
     </span>
    </p>

    <p class='ocr_par' dir='ltr' id='par_1_29' title="bbox 844 2524 1557 2769">
     <span class='ocr_line' id='line_1_115' title="bbox 844 2524 1557 2561; baseline 0.006 -7"><span class='ocrx_word' id='word_1_587' title='bbox 844 2524 1047 2561; x_wconf 89' lang='lat' dir='ltr'><strong>Theocrines,</strong></span> <span class='ocrx_word' id='word_1_588' title='bbox 1062 2524 1183 2555; x_wconf 88' lang='lat' dir='ltr'><strong>videtur</strong></span> <span class='ocrx_word' id='word_1_589' title='bbox 1202 2525 1329 2555; x_wconf 86' lang='lat' dir='ltr'><strong>Athenis</strong></span> <span class='ocrx_word' id='word_1_590' title='bbox 1346 2525 1480 2556; x_wconf 89' lang='lat' dir='ltr'><strong>Roscius</strong></span> <span class='ocrx_word' id='word_1_591' title='bbox 1497 2529 1557 2559; x_wconf 83' lang='lat' dir='ltr'><strong>aevi</strong></span> 
     </span>
     <span class='ocr_line' id='line_1_116' title="bbox 888 2568 1557 2606; baseline 0.004 -8"><span class='ocrx_word' id='word_1_592' title='bbox 888 2568 936 2598; x_wconf 89' lang='lat' dir='ltr'><strong>sui</strong></span> <span class='ocrx_word' id='word_1_593' title='bbox 958 2568 1067 2603; x_wconf 87' lang='lat' dir='ltr'><strong>fuisse,</strong></span> <span class='ocrx_word' id='word_1_594' title='bbox 1085 2569 1113 2597; x_wconf 91' lang='lat' dir='ltr'><strong>h.</strong></span> <span class='ocrx_word' id='word_1_595' title='bbox 1126 2579 1153 2597; x_wconf 88' lang='lat' dir='ltr'><strong>e.</strong></span> <span class='ocrx_word' id='word_1_596' title='bbox 1169 2568 1324 2606; x_wconf 86' lang='lat' dir='ltr'><strong>perfectus</strong></span> <span class='ocrx_word' id='word_1_597' title='bbox 1340 2569 1446 2598; x_wconf 79' lang='lat' dir='ltr'><strong>histrio</strong></span> <span class='ocrx_word' id='word_1_598' title='bbox 1463 2573 1557 2601; x_wconf 79' lang='lat' dir='ltr'><strong>coini-</strong></span> 
     </span>
     <span class='ocr_line' id='line_1_117' title="bbox 888 2611 1556 2649; baseline 0.004 -8"><span class='ocrx_word' id='word_1_599' title='bbox 888 2622 954 2641; x_wconf 91' lang='lat' dir='ltr'><strong>cus.</strong></span> <span class='ocrx_word' id='word_1_600' title='bbox 978 2621 1046 2640; x_wconf 88' lang='lat' dir='ltr'><strong>cum</strong></span> <span class='ocrx_word' id='word_1_601' title='bbox 1064 2621 1124 2649; x_wconf 94' lang='lat' dir='ltr'><strong>quo</strong></span> <span class='ocrx_word' id='word_1_602' title='bbox 1141 2611 1364 2640; x_wconf 87' lang='lat' dir='ltr'><strong>Demosthenes</strong></span> <span class='ocrx_word' id='word_1_603' title='bbox 1380 2611 1556 2644; x_wconf 87' lang='lat' dir='ltr'><strong>AEschinem</strong></span> 
     </span>
     <span class='ocr_line' id='line_1_118' title="bbox 886 2653 1555 2696; baseline 0.002 -12"><span class='ocrx_word' id='word_1_604' title='bbox 886 2663 1074 2693; x_wconf 86' lang='lat' dir='ltr'><strong>comparans,</strong></span> <span class='ocrx_word' id='word_1_605' title='bbox 1103 2653 1300 2682; x_wconf 88' lang='lat' dir='ltr'><strong>Theocrinem</strong></span> <span class='ocrx_word' id='word_1_606' title='bbox 1331 2654 1476 2692; x_wconf 86' lang='lat' dir='ltr'><strong>tragicum</strong></span> <span class='ocrx_word' id='word_1_607' title='bbox 1501 2667 1555 2696; x_wconf 84' lang='lat' dir='ltr'><strong>ap-</strong></span> 
     </span>
     <span class='ocr_line' id='line_1_119' title="bbox 885 2694 1556 2745; baseline 0.006 -19"><span class='ocrx_word' id='word_1_608' title='bbox 885 2697 995 2745; x_wconf 43' lang='lat' dir='ltr'><strong>pel-‚lat</strong></span> <span class='ocrx_word' id='word_1_609' title='bbox 1006 2700 1184 2735; x_wconf 88' lang='lat' dir='ltr'><strong>ntagentem</strong></span> <span class='ocrx_word' id='word_1_610' title='bbox 1202 2694 1431 2725; x_wconf 90' lang='lat' dir='ltr'><strong>histrionicam&#39;</strong></span> <span class='ocrx_word' id='word_1_611' title='bbox 1424 2707 1454 2726; x_wconf 92' lang='grc' dir='ltr'><strong>ιιι</strong></span> <span class='ocrx_word' id='word_1_612' title='bbox 1464 2700 1556 2730; x_wconf 89' lang='lat' dir='ltr'><strong>rebus</strong></span> 
     </span>
     <span class='ocr_line' id='line_1_120' title="bbox 887 2738 1328 2772; baseline -0.005 -3"><span class='ocrx_word' id='word_1_613' title='bbox 887 2740 974 2769; x_wconf 90' lang='lat' dir='ltr'><strong>seriis</strong></span> <span class='ocrx_word' id='word_1_614' title='bbox 990 2738 1170 2768; x_wconf 84' lang='lat' dir='ltr'><strong>etfunestis.</strong></span> <span class='ocrx_word' id='word_1_615' title='bbox 1187 2739 1262 2772; x_wconf 85' lang='lat'><strong>329,</strong></span> <span class='ocrx_word' id='word_1_616' title='bbox 1278 2740 1328 2769; x_wconf 78' lang='grc'><strong>26.</strong></span> 
     </span>
    </p>

    <p class='ocr_par' dir='ltr' id='par_1_30' title="bbox 842 2781 1555 2862">
     <span class='ocr_line' id='line_1_121' title="bbox 842 2781 1555 2826; baseline 0.004 -15"><span class='ocrx_word' id='word_1_617' title='bbox 842 2782 1040 2816; x_wconf 87' lang='lat' dir='ltr'><strong>Theocrines,</strong></span> <span class='ocrx_word' id='word_1_618' title='bbox 1063 2781 1093 2810; x_wconf 87' lang='lat' dir='ltr'><strong>in</strong></span> <span class='ocrx_word' id='word_1_619' title='bbox 1115 2791 1204 2820; x_wconf 89' lang='lat' dir='ltr'><strong>quem</strong></span> <span class='ocrx_word' id='word_1_620' title='bbox 1229 2781 1398 2820; x_wconf 89' lang='lat' dir='ltr'><strong>Epichares</strong></span> <span class='ocrx_word' id='word_1_621' title='bbox 1414 2782 1477 2821; x_wconf 81' lang='lat' dir='ltr'><strong>egit</strong></span> <span class='ocrx_word' id='word_1_622' title='bbox 1493 2795 1509 2813; x_wconf 93' lang='lat' dir='ltr'><strong>a</strong></span> <span class='ocrx_word' id='word_1_623' title='bbox 1525 2796 1555 2826; x_wconf 86' lang='lat' dir='ltr'><strong>p.</strong></span> 
     </span>
     <span class='ocr_line' id='line_1_122' title="bbox 888 2824 1195 2862; baseline 0.003 -9"><span class='ocrx_word' id='word_1_624' title='bbox 888 2826 982 2854; x_wconf 66' lang='grc'><strong>1393.</strong></span> <span class='ocrx_word' id='word_1_625' title='bbox 1000 2824 1037 2853; x_wconf 88' lang='lat' dir='ltr'><strong>ad</strong></span> <span class='ocrx_word' id='word_1_626' title='bbox 1054 2835 1083 2862; x_wconf 86' lang='lat' dir='ltr'><strong>p.</strong></span> <span class='ocrx_word' id='word_1_627' title='bbox 1099 2826 1195 2854; x_wconf 76' lang='grc'><strong>1344.</strong></span> 
     </span>
    </p>

    <p class='ocr_par' dir='ltr' id='par_1_31' title="bbox 842 2866 1457 2905">
     <span class='ocr_line' id='line_1_123' title="bbox 842 2866 1457 2905; baseline 0.007 -10"><span class='ocrx_word' id='word_1_628' title='bbox 842 2867 1032 2902; x_wconf 84' lang='lat' dir='ltr'><strong>Theodorus,</strong></span> <span class='ocrx_word' id='word_1_629' title='bbox 1050 2866 1156 2896; x_wconf 88' lang='lat' dir='ltr'><strong>histrio</strong></span> <span class='ocrx_word' id='word_1_630' title='bbox 1173 2866 1319 2905; x_wconf 87' lang='lat' dir='ltr'><strong>tragicus.</strong></span> <span class='ocrx_word' id='word_1_631' title='bbox 1335 2869 1411 2904; x_wconf 91' lang='lat'><strong>418,</strong></span> <span class='ocrx_word' id='word_1_632' title='bbox 1427 2872 1457 2899; x_wconf 84' lang='lat'><strong>4.</strong></span> 
     </span>
    </p>

    <p class='ocr_par' dir='ltr' id='par_1_32' title="bbox 841 2909 1554 2983">
     <span class='ocr_line' id='line_1_124' title="bbox 841 2909 1554 2946; baseline 0.004 -7"><span class='ocrx_word' id='word_1_633' title='bbox 841 2909 1034 2946; x_wconf 85' lang='lat' dir='ltr'><strong>Theodorus,</strong></span> <span class='ocrx_word' id='word_1_634' title='bbox 1062 2909 1258 2946; x_wconf 82' lang='lat' dir='ltr'><strong>Euboeensis,</strong></span> <span class='ocrx_word' id='word_1_635' title='bbox 1287 2919 1316 2940; x_wconf 84' lang='lat' dir='ltr'><strong>v.</strong></span> <span class='ocrx_word' id='word_1_636' title='bbox 1343 2911 1399 2941; x_wconf 87' lang='lat' dir='ltr'><strong>sub</strong></span> <span class='ocrx_word' id='word_1_637' title='bbox 1424 2922 1453 2942; x_wconf 87' lang='lat' dir='ltr'><strong>v.</strong></span> <span class='ocrx_word' id='word_1_638' title='bbox 1483 2911 1554 2943; x_wconf 75' lang='lat' dir='ltr'><strong>The—</strong></span> 
     </span>
     <span class='ocr_line' id='line_1_125' title="bbox 884 2962 985 2983; baseline -0.01 -1"><span class='ocrx_word' id='word_1_639' title='bbox 884 2962 985 2983; x_wconf 57' lang='lat' dir='ltr'><strong>maron.</strong></span> 
     </span>
    </p>
   </div>
  </div>
 </body>
</html>
