1822 3187
193 135 277 176 308

239 238 287 269 cia
307 249 374 269 cum
398 238 527 279 imperio
551 249 693 280 supremo
713 242 831 279 tuendi,
846 242 910 272 Au-

238 283 338 312 tocles
354 292 514 313 successor
529 283 587 314 fuit
603 284 726 314 missus.

198 325 304 365 Ἑρμῆς
319 323 502 366 ψιθυριστῆς,
512 327 627 357 Herma
638 329 761 366 qnidam
771 327 913 363 Athenis,

241 367 285 397 sic
301 369 414 398 dictus.
430 371 526 405 1358,
541 372 572 399 7.

200 410 348 449 Eryxias,
361 412 507 447 medicus,
525 423 542 442 e
560 413 686 443 Piraeeo.
702 414 777 447 898,
795 415 826 442 9.

196 454 435 492 Eryximachus,
452 456 591 485 Chabriae
610 456 757 491 κηδεστὴς,
774 456 832 485 hoc
855 459 913 491 est,

242 495 272 525 ni
289 497 388 532 fallor,
405 508 509 536 gener.
526 500 622 532 1016,
641 502 669 527 1.

199 539 315 569 Evaeon
346 541 489 570 Boeotum
519 541 650 579 aliquem
685 541 724 569 ob
758 544 915 578 acceptam

242 582 364 621 plagam
382 583 544 613 interemit.
561 585 638 619 537,
654 585 704 613 20.
728 586 916 622 quapropter

242 624 409 664 ignominia
429 631 561 662 notatus,
583 636 638 655 seu
657 626 760 665 capite
782 625 916 655 minutus

242 668 309 698 suit.
324 670 398 703 538,
413 670 464 699 23.

201 711 373 749 Evagoras,
388 722 444 741 rex
466 711 575 750 Cypri,
596 712 634 741 ab
659 711 766 742 Athen.
790 711 915 741 civitate

243 753 375 783 donatus
391 754 456 783 fuit.
472 756 546 789 161,
563 758 614 784 11.

201 796 345 826 Evander
362 797 472 826 archon
490 797 558 831 suit,
575 808 632 826 non
648 797 744 826 multo
757 801 826 826 ante
841 801 916 826 orat.

243 838 275 868 in
291 839 493 869 Timocratem
511 840 634 870 dictam.
651 843 725 875 743,
743 842 794 869 18.

200 881 356 917 Evander,
371 882 584 921 Thespiensis.
597 885 672 917 571,
685 886 737 912 20.

202 925 407 960 Enboeenses,
429 936 446 954 a
467 925 634 960 Thebanis,
658 924 803 954 Leutriea
819 923 916 954 victo-

245 967 290 996 ria
320 968 456 1003 tumidis,
486 973 615 997 vexatos
644 967 755 997 liberat
784 966 917 1006 populus

240 1010 351 1039 Athen.
366 1014 418 1045 11,
436 1013 486 1040 10.

202 1049 384 1089 Eubulides,
405 1053 455 1092 qui
482 1053 667 1083 Euxitheum
691 1052 919 1092 peregrinitatis

243 1096 400 1125 accusavit
411 1107 443 1135 p.
455 1098 550 1132 1299,
561 1107 627 1136 sqq.
636 1102 699 1126 tota
708 1095 761 1126 illa
772 1095 919 1125 oratione.

245 1138 393 1168 Possitne
421 1150 476 1177 per
502 1143 672 1178 temporum
696 1140 830 1168 rationes
856 1139 918 1167 De—

243 1182 421 1211 mosthenes
431 1182 508 1211 hanc
518 1183 684 1211 orationem
695 1181 858 1221 scripsisse
871 1180 919 1209 di-

245 1224 285 1260 ci,
307 1235 343 1254 an
363 1225 542 1254 credibilius
566 1225 618 1260 sit,
638 1225 669 1254 id
693 1226 773 1264 quod
794 1224 850 1253 suit
868 1224 919 1262 qui

244 1267 430 1306 perhiberet,
441 1279 459 1297 a
470 1268 564 1307 Lysia
576 1278 640 1297 eam
654 1269 822 1307 profectam
837 1277 918 1303 esse,

245 1320 385 1349 quaereus
400 1311 524 1350 Taylor,
540 1311 800 1350 negatquicquam
817 1310 920 1339 obsta-

244 1363 290 1389 re,
307 1354 467 1392 quominus
489 1354 518 1382 in
542 1353 788 1384 Demosthenicis
809 1353 918 1382 habea-

244 1399 304 1425 tur.
351 1396 531 1426 Orationum
554 1397 633 1425 haud
650 1407 828 1435 paucarum,
844 1406 919 1435 quas

244 1442 365 1468 constet
382 1439 637 1468 Demosthenicas
655 1450 734 1473 esse,
753 1440 919 1468 dictionem

244 1481 387 1520 Lysiacae
411 1486 471 1511 tam
492 1491 561 1510 esse
583 1480 780 1515 simillimam,
804 1486 837 1509 ut
857 1481 919 1510 dis-

246 1524 329 1553 cerni
346 1527 484 1554 auctores
499 1533 539 1552 ex
554 1524 607 1553 illa
616 1527 778 1562 nequeant.
824 1525 919 1554 Deni-

246 1577 305 1605 que
321 1567 434 1596 scholia
450 1566 481 1596 in
494 1567 572 1596 hanc
583 1566 750 1596 orationem
763 1565 846 1597 edita
861 1567 919 1597 Di-

245 1611 339 1648 dymo
355 1609 473 1639 tribuit.

204 1653 389 1690 Eubulides,
406 1651 515 1683 Buseli
531 1652 621 1682 filius.
638 1652 734 1687 1053,
751 1654 803 1682 16.

205 1696 390 1731 Eubulides,
415 1695 501 1725 illius
524 1706 541 1725 e
568 1695 776 1735 Phylomache
802 1695 863 1725 filia
888 1699 919 1725 et

248 1740 393 1768 Sositheo
408 1748 516 1778 nepos.
532 1740 628 1773 1053,
646 1740 696 1768 14.

205 1782 391 1819 Eubulides,

248 1825 304 1854 ult.

205 1868 356 1903 Eubulus,
364 1869 596 1907 Anaphlystius,
608 1868 707 1898 clarus
717 1873 829 1903 orator,
839 1878 921 1898 com-

247 1912 405 1941 mendavit
439 1912 681 1941 Atheniensibus
714 1922 820 1950 pacem
852 1921 919 1940 cum

249 1955 408 1993 Philippo,
420 1964 438 1983 a
451 1954 624 1984 Philocrate
639 1954 835 1994 propositam.
846 1955 921 1989 232,

250 1999 303 2027 14.
326 2000 401 2033 248,
419 2000 448 2027 8.
474 2008 532 2026 una
552 2007 620 2027 cum
643 1997 709 2026 aliis
730 1997 860 2026 mittitur
883 1997 920 2026 ad

250 2040 444 2079 Philippum,
460 2040 640 2070 sacramenti
661 2051 735 2078 ergo
758 2041 795 2069 ab
815 2051 851 2069 eo
872 2050 921 2069 re-

251 2084 387 2122 petendi.
409 2085 483 2118 235,
500 2085 552 2113 1'7.
578 2084 681 2113 studet
703 2083 866 2112 Thebanos
890 2083 920 2112 in

248 2127 322 2156 belli
354 2126 531 2156 societatem
566 2127 619 2156 adt
629 2136 716 2155 ersus
743 2126 921 2166 Philippum

250 2171 438 2208 pertrahere.
457 2172 531 2204 281,
549 2171 600 2198 18.
625 2175 690 2198 erat
714 2169 858 2208 princeps
879 2169 921 2198 fa-

250 2212 361 2241 ctionis
385 2212 522 2241 Athenis.
537 2214 611 2247 498,
627 2214 678 2241 27.
702 2212 846 2241 studebat
861 2212 922 2241 Mi-

251 2254 321 2284 diae.
337 2257 412 2290 580,
429 2257 481 2284 24.
505 2255 725 2284 adversabatur
741 2255 922 2284 Demosthe-

250 2298 292 2327 ni.
317 2299 392 2333 581,
414 2300 445 2327 7.
475 2298 513 2327 de
539 2297 658 2327 actione
683 2298 749 2335 ejus
776 2298 922 2327 adversus

251 2341 502 2379 Aristophontem
524 2351 552 2370 v.
569 2341 672 2370 Schol.
686 2341 722 2369 ad
740 2351 770 2379 p.
783 2342 858 2376 584,
870 2344 922 2371 14.

251 2391 316 2413 erat
331 2383 488 2414 AEschinis
504 2389 534 2412 et
550 2383 690 2423 Philippi
707 2384 874 2419 studiosus,
892 2390 924 2414 et

250 2437 307 2466 pro
323 2427 472 2465 cognatis,
490 2426 659 2464 Hegesileo
675 2431 705 2455 et
719 2427 923 2464 Thrasybulo,

250 2470 356 2499 dicere
373 2480 440 2498 cum
456 2474 638 2505 recusasset,
652 2469 752 2498 nullus
767 2470 922 2499 dubitavit

250 2523 306 2552 pro
332 2512 480 2542 AEschine
502 2512 617 2541 dicere.
639 2515 715 2545 434,
741 2513 791 2541 13.
815 2519 921 2542 auctor

247 2556 304 2585 fuit
317 2555 499 2584 auxiliorum
514 2555 678 2584 Plutarcho
695 2554 920 2590 mittendorum,

248 2598 379 2629 Eretriae
392 2602 531 2637 tyranno,
544 2608 612 2636 quae
627 2597 742 2626 auxilia
754 2597 847 2627 missa
858 2599 922 2628 fue-

249 2646 321 2671 runt
337 2641 443 2670 eodem
461 2641 631 2680 Hegesileo
649 2640 739 2676 duce,
755 2650 843 2678 quem
864 2651 920 2678 po-

249 2690 316 2713 stea
328 2684 439 2722 capitis
455 2690 583 2713 causam
597 2683 748 2712 dicentem
768 2683 920 2712 destituit.

251 2727 354 2756 Schol.
373 2727 409 2755 ad
425 2726 510 2755 illum
526 2728 635 2756 locum.
653 2737 752 2756 causae
766 2726 920 2755 Philonici

248 2769 306 2798 fuit
329 2769 513 2807 implicatus,
528 2772 602 2804 434,
624 2771 676 2798 21.
706 2768 854 2807 Philippo
876 2769 920 2797 in-

248 2813 359 2841 festum
385 2813 529 2842 simulans
552 2813 695 2847 animum,
720 2817 819 2841 tamen
843 2812 919 2841 clam

250 2856 401 2884 studebat.
422 2858 496 2890 435,
515 2858 543 2885 2.
569 2855 750 2885 eroclem
773 2860 803 2884 et
821 2855 919 2884 Ctesi-

247 2897 392 2935 phontem
408 2899 573 2928 accusavit.
591 2901 666 2934 435,
684 2902 713 2929 6.
730 2903 758 2928 et
776 2901 805 2927 8.
830 2907 918 2937 roga-

248 2941 358 2971 tionem
370 2940 439 2970 tulit
452 2941 489 2971 de
505 2941 615 2981 legatis
626 2941 656 2971 in
670 2940 917 2980 Peloponnesum

429 1785 558 1812 testatur
587 1781 799 1812 Demostheni.
824 1782 920 1817 1335,

627 131 823 176 INDEX
855 131 1221 176 HISTORICUS

987 240 1161 277 mittendis,
1177 239 1229 281 qui
1248 240 1392 272 civitates
1414 242 1559 274 adversus
1584 242 1658 274 Phi-

987 285 1107 324 lippum
1123 289 1286 319 armarent,
1300 294 1388 324 quam
1401 285 1588 325 rogationem
1602 286 1658 316 ΛΕ-

991 328 1112 357 schines
1126 327 1315 357 secundavit.
1329 330 1404 363 438,
1419 331 1471 360 23.
1505 329 1659 360 Eubulum

990 370 1019 399 in
1037 380 1129 399 causa
1145 370 1250 404 fuisse,
1266 375 1298 399 ut
1315 370 1475 400 AEschines
1492 370 1521 400 in
1541 371 1660 409 judicio

991 412 1151 452 legationis
1169 412 1319 448 flagitiose
1341 419 1416 443 actae
1440 414 1661 449 absolveretur,

991 456 1131 494 perhibet
1148 455 1286 485 Photius.

950 498 1088 528 Eubulus
1100 498 1300 527 Probalisius.
1317 500 1412 534 1361,
1428 501 1479 528 20.

950 541 1101 576 Eubulus,
1117 541 1284 570 Mnesithei
1301 541 1393 577 tilius,
1410 541 1558 582 CypriuS,
1574 551 1663 581 roga·

992 584 1104 613 tionem
1134 583 1191 613 fert
1215 585 1253 613 de
1281 584 1390 622 legatis
1414 584 1452 613 ad
1484 584 1663 624 Philippum

992 625 1164 662 mittendis,
1176 627 1297 656 navium
1315 637 1388 665 ergo
1408 628 1445 656 ab
1468 636 1504 656 eo
1520 631 1663 666 repeten-

993 670 1110 699 darum.
1123 671 1197 704 249,
1211 671 1262 700 13.

951 712 1104 748 Eubulus,
1120 712 1224 742 nescio
1237 711 1299 752 qui,
1316 712 1490 742 Tharrheca
1503 717 1534 742 et
1544 712 1665 754 Smiky-

994 756 1076 785 thum
1093 755 1261 786 accusavit.
1277 757 1352 791 401,
1372 758 1399 785 1.

952 798 1150 837 Eucalpidas,
1163 799 1270 833 Arcas,
1283 798 1433 837 proditor.
1443 800 1519 835 324,
1533 800 1562 829 9.
1583 799 1665 828 Pau-

995 841 1096 870 sanias
1112 841 1331 880 Eucampidam
1348 841 1492 871 nominat.

955 883 1109 917 Euclides,
1123 894 1182 922 quo
1204 883 1357 913 Archonte
1376 884 1502 913 libertas
1524 883 1666 914 restituta

994 926 1064 962 suit,
1080 930 1110 955 et
1127 936 1144 955 a
1159 928 1247 965 cujus
1263 927 1442 965 magistratu
1454 936 1561 956 novam
1579 927 1667 966 quasi

993 969 1156 1007 periodum
1171 969 1289 998 orditur
1300 969 1353 1007 jus
1364 969 1457 998 civile
1469 970 1578 999 Athen.
1588 972 1664 1006 713,

996 1013 1047 1042 19.
1082 1012 1167 1050 leges
1195 1011 1326 1041 Euclide
1354 1012 1552 1048 vetustiores,
1577 1017 1667 1042 aetate

996 1053 1213 1084 Demosthenis
1229 1055 1256 1083 in
1274 1054 1417 1093 antiquis,
1433 1054 1466 1084 et'
1482 1063 1568 1093 paene
1589 1054 1667 1084 anti-

995 1097 1107 1136 quatis.
1123 1099 1199 1131 742,
1215 1100 1242 1126 1.
1254 1097 1403 1136 juniores.
1416 1100 1491 1133 ¹742,
1506 1100 1557 1127 11.
1572 1099 1668 1134 1067,

997 1142 1047 1169 14.
1066 1142 1162 1174 1307,
1178 1141 1229 1170 25.

954 1183 1116 1219 Eucrates,
1156 1181 1310 1212 Leucadiu
1332 1204 1341 1218 ,
1378 1186 1495 1213 amator
1536 1183 1669 1214 Neaerae.

998 1227 1093 1261 1354,
1106 1228 1158 1255 12.

954 1269 1136 1303 Euctemon,
1152 1268 1320 1306 Sphettius,
1342 1268 1543 1298 Demostheni
1558 1268 1669 1299 adver·

997 1322 1049 1340 sus
1066 1310 1192 1340 Midiam
1210 1316 1349 1341 testatur.
1362 1313 1437 1347 568,
1451 1314 1503 1341 24.

954 1355 1136 1390 Euctemon,
1159 1354 1239 1383 filius
1264 1354 1439 1390 Eubulidis,
1461 1354 1598 1390 OEensis,
1610 1364 1668 1385 rex

997 1407 1164 1427 sacrorum.
1180 1398 1275 1431 1063,
1293 1399 1343 1427 27.

955 1441 1135 1474 Euctemon,
1161 1440 1310 1475 AEsionis‚
1335 1440 1374 1468 ob
1401 1440 1613 1470 liberalitatem
1635 1440 1669 1471 in

997 1493 1092 1521 remp.
1119 1483 1267 1512 laudatur.
1292 1483 1367 1517 567,
1391 1485 1442 1513 26.
1465 1483 1582 1519 nescio,
1608 1483 1669 1520 hic,

997 1535 1033 1554 an
1051 1525 1129 1554 alius
1153 1525 1193 1554 sit
1207 1525 1245 1560 is,
1261 1525 1311 1554 cui
1330 1535 1397 1554 cum
1413 1526 1600 1556 Androtione
1616 1537 1671 1556 ne-

999 1568 1112 1606 gotium
1137 1567 1204 1597 fuit.
1226 1570 1302 1603 607,
1317 1578 1385 1606 peu.
1413 1570 1488 1604 608,
1505 1570 1555 1599 15.
1581 1579 1678 1599 acca--

999 1614 1081 1640 satus
1098 1611 1135 1639 ab
1150 1611 1219 1645 hoc,
1236 1620 1303 1640 cum
1320 1615 1403 1640 esset
1417 1611 1588 1647 absolutus,
1603 1622 1670 1642 rur·

998 1663 1049 1682 sus
1067 1654 1196 1683 eundem
1214 1653 1370 1683 accusavit
1390 1653 1420 1682 iu
1442 1654 1567 1693 negotio
1582 1655 1670 1685 navis

999 1696 1227 1726 Naucratiticae.
1244 1706 1312 1736 quae
1328 1706 1420 1726 causa
1449 1707 1481 1736 p.
1497 1699 1574 1733 701,
1599 1708 1667 1738 sqq.

998 1739 1102 1769 multis
1117 1739 1260 1778 agitatur.

957 1783 1138 1817 Euctemon,
1154 1783 1324 1818 Lusiensis,
1334 1783 1532 1822 sycophanta,
1542 1783 1671 1823 instiga-

998 1829 1048 1856 tus
1064 1837 1081 1855 a
1102 1825 1212 1860 Midia,
1230 1826 1466 1855 Demosthenem
1489 1826 1604 1856 deserti
1621 1837 1671 1856 or·

999 1868 1081 1898 dinis
1104 1868 1268 1898 castrensis
1289 1868 1456 1898 accusavit.
1476 1871 1552 1904 547,
1573 1869 1628 1899 ult.
1653 1879 1671 1898 a

998 1911 1125 1941 levitate
1141 1911 1233 1941 animi
1253 1911 1426 1950 appellatus
1448 1912 1507 1941 fuit
1528 1911 1670 1952 κονιορτός.

998 1954 1074 1984 ibid.

955 1998 1138 2032 Euctemon,
1161 2007 1221 2036 quo
1238 1997 1459 2036 Apollodorus,
1476 1997 1618 2028 Pasionis
1636 1998 1671 2028 fi-

998 2040 1071 2075 lius,
1084 2040 1284 2069 trierarchatu
1295 2041 1434 2079 fungens,
1445 2050 1518 2070 usus
1532 2041 1589 2070 fuit
1597 2050 1671 2080 pen·

999 2084 1205 2113 tecontarcho.
1223 2085 1318 2118 1212,
1336 2086 1366 2114 5.

958 2126 1124 2160 Eudemus,
1141 2125 1427 2164 Kydathenaeensis,
1445 2130 1584 2156 extremo
1596 2137 1670 2166 sup·

1000 2168 1095 2208 plicio
1113 2170 1252 2204 affectus,
1276 2170 1314 2198 ob
1329 2169 1427 2207 legem
1445 2170 1483 2199 ab
1507 2180 1545 2199 eo
1565 2169 1669 2206 latam,

1001 2222 1068 2250 quae
1084 2212 1293 2251 displicuerat.
1309 2213 1385 2247 743,
1402 2214 1452 2241 17.

957 2255 1126 2290 Eudemus,
1139 2260 1173 2285 ut
1189 2255 1320 2290 videtur,
1336 2254 1426 2290 alius,
1437 2254 1485 2284 vir
1500 2255 1670 2294 populariS.

1001 2300 1095 2333 1482,
1113 2300 1143 2327 6.

957 2341 1130 2376 Euderkes,
1144 2342 1294 2370 obscurus
1311 2340 1411 2375 homo,
1424 2340 1539 2370 nullum
1553 2341 1591 2369 ob
1606 2350 1670 2370 me-

999 2384 1100 2418 ritum,
1117 2394 1154 2413 ex
1173 2384 1353 2413 auctoritate
1367 2383 1576 2418 Aristaenus,
1592 2383 1668 2413 civi-

998 2431 1060 2456 tate
1071 2427 1212 2456 donatus.
1228 2428 1301 2461 688,
1318 2429 1369 2455 11.

955 2469 1106 2503 Eudicus,
1122 2469 1299 2503 Larissaeus,
1317 2466 1459 2507 Philippo
1477 2467 1667 2498 Thessaliam

997 2511 1144 2550 prodidit.
1157 2515 1231 2547 241,
1247 2514 1299 2542 27.

956 2555 1121 2589 Eudoxus,
1135 2555 1184 2584 vir
1200 2553 1366 2593 popularis.
1386 2555 1481 2587 1482,
1498 2556 1528 2584 6.

955 2598 1089 2635 Evegori
1116 2597 1166 2626 lex
1192 2598 1232 2626 de
1262 2596 1403 2626 libertate
1429 2596 1614 2627 Liberalium
1639 2602 1671 2627 et

997 2640 1235 2677 Thargeliorum.
1251 2641 1326 2675 517,
1337 2642 1389 2669 24.

955 2683 1109 2720 Evergus,
1119 2693 1206 2721 quem
1220 2682 1288 2711 falsi
1302 2682 1377 2712 dicti
1390 2681 1555 2711 testimonii
1568 2681 1669 2721 arguit

998 2726 1105 2755 oratio.
1143 2728 1236 2760 1139,
1265 2737 1311 2764 sq.
1344 2725 1436 2754 frater
1469 2724 1667 2764 Theopbemi.

998 2770 1094 2803 1149,
1112 2769 1161 2797 15.
1188 2770 1263 2798 forte
1278 2769 1356 2797 idem
1374 2773 1432 2802 est,
1449 2767 1498 2806 qui
1513 2778 1579 2797 cum
1592 2769 1669 2797 Pan-

999 2815 1108 2840 taeneto
1125 2812 1163 2841 de
1181 2811 1310 2850 pecunia
1326 2811 1443 2841 credita
1459 2810 1521 2849 egit
1548 2820 1580 2849 p.
1593 2812 1668 2840 967.

954 2854 1142 2884 Eumelides.
1158 2857 1253 2887 1187,
1269 2857 1320 2884 21.

954 2896 1097 2936 Eumolpi
1115 2898 1271 2927 exercitus
1287 2897 1325 2927 ab
1338 2896 1449 2927 Athen.
1463 2895 1560 2925 fusus.
1573 2896 1669 2932 1391,
