1822 3187
188 147 272 188 344

466 256 554 286 ‹latur
567 257 743 287 Alexandro
761 259 901 294 Phcraeo,

466 302 496 328 ct
512 299 649 330 Athenas
663 300 806 338 mittitur,
821 302 900 332 duce

468 342 689 383 Epaminonda.

187 383 268 412 CIII
317 385 331 412 1
359 385 400 412 14

315 428 335 456 2
362 426 401 457 15
424 426 564 458 Societas
589 429 662 458 belli
689 429 801 459 Laced.
832 439 902 459 cum

465 471 577 501 Athen.
604 472 754 501 adversus
781 473 902 502 Theba-

465 523 532 543 nos.

423 555 596 594 Dionysius
623 556 737 592 senior,
763 561 822 596 tyr.
844 557 902 597 Sy-

464 608 526 628 rac.
540 600 687 628 excessit.

315 642 335 671 :3
362 644 400 672 16
423 641 904 681 Themison,Eretriaetyrannus‚

464 685 602 723 Oropum
618 690 757 725 occupat.

425 726 547 756 Bellum
565 728 680 757 Laced.
692 738 761 758 oum
785 727 902 759 Boeotis

462 770 686 809 quinquennale
700 770 806 801 desiit.

313 814 333 841 4
358 814 397 842 17
424 812 545 842 Bellum
572 814 726 844 Arcadum
752 818 784 844 et
808 814 901 844 Eleo-

463 865 542 885 rum.

184 897 259 927 CIV
315 902 329 927 1
359 900 397 929 18
423 898 648 928 Demosthenes
670 902 789 929 tutores
810 908 902 929 accu-

465 940 556 976 savit,
574 945 606 970 et
621 941 747 981 scripsit
757 941 823 977 τοῦς
837 940 902 972 ἔπι-

464 982 622 1023 epm-mode.

423 1026 593 1065 Pelopidas
611 1027 775 1057 Thebanus
799 1026 830 1057 iu
845 1036 913 1066 pu:

464 1079 524 1108 gna
538 1079 607 1099 cum
621 1070 801 1101 Alexandro
821 1070 902 1100 Phe-

464 1122 527 1142 raeo
542 1113 696 1144 occubuit.

315 1157 334 1185 2
360 1156 401 1186 19
421 1154 533 1194 Pugna
558 1156 597 1185 ad
625 1155 826 1193 Mantineam,
848 1155 903 1187 ubi

465 1198 696 1238 Epaminondas
712 1199 839 1231 cecidit.

313 1241 334 1270 3
358 1242 400 1271 20

313 1285 335 1313 4
357 1286 398 1314 21

185 1325 241 1356 CV
313 1331 329 1356 1
355 1328 396 1357 22
420 1326 598 1367 Xenophon
613 1326 792 1359 Socraticus
807 1328 902 1360 mori-

464 1374 524 1400 tur.

420 1413 559 1453 Philippi
576 1414 759 1445 Macedonis
774 1424 902 1455 regnum

466 1456 535 1486 init.

317 1499 335 1528 22
361 1501 402 1530 23
425 1498 594 1539 Philippus
611 1510 688 1539 pace
704 1510 772 1530 cum
789 1500 902 1540 Athen.

464 1542 637 1582 composita
653 1544 783 1573 Paeonas
804 1549 836 1574 et
859 1544 903 1574 Il-

465 1585 563 1624 lyrios
581 1585 708 1626 subigit.
729 1585 875 1617 Schottus.

422 1628 483 1658 Sed
499 1629 613 1670 Taylor
635 1629 713 1659 hanc
727 1629 903 1669 expeditio-

465 1682 535 1701 nem
564 1672 604 1702 ad
633 1681 744 1702 annum
769 1672 904 1712 primum

466 1714 591 1754 Olymp.
613 1715 698 1745 CVI.
720 1716 823 1746 refert.
847 1726 905 1756 po·

464 1761 528 1786 test
543 1761 672 1797 uterque
686 1768 759 1788 vera
770 1759 904 1789 tradere.

463 1800 543 1829 Nam
556 1800 719 1840 Philippus
735 1801 852 1841 saepius
867 1802 904 1832 il-

463 1843 510 1872 los
524 1843 658 1882 populos
670 1843 764 1874 armis
776 1845 904 1875 infesta-

464 1886 528 1915 bat.

315 1931 335 1960 3
359 1929 400 1959 24
422 1928 548 1958 Bellum
572 1928 687 1958 sociale
703 1928 834 1969 exarsit,
852 1940 905 1970 ge-

463 1976 542 2001 stum
553 1981 570 2000 a
579 1971 723 2009 Charete,
736 1973 905 2012 Iphicrate,

461 2014 633 2050 Timotheo,
647 2015 780 2046 ducibus
792 2016 905 2046 Athen.

466 2058 615 2088 adversus
630 2058 785 2095 Rhodios,
797 2059 904 2095 Chios,

468 2101 655 2140 Byzantinos
663 2107 695 2132 et
705 2102 818 2132 socios.
831 2103 906 2133 Phi·

469 2145 574 2184 lippus
589 2144 802 2184 Amphipolin,
820 2146 906 2176 Poti-

465 2188 719 2227 daeam,Pydnam
727 2189 906 2228 capit‚prae-

468 2230 557 2260 sidiis
579 2231 691 2261 Athen.
708 2232 837 2262 comiter
851 2233 906 2263 de-

467 2272 568 2303 ductis
580 2278 610 2303 et
623 2274 747 2304 domum
756 2275 906 2307 remissis.

466 2316 685 2347 Thessalorum
696 2322 842 2356 tyrannos
851 2328 906 2350 ex-

469 2359 571 2398 pellit.

323 2406 337 2432 1.
360 2403 400 2433 25
425 2402 604 2433 Phocenses
615 2403 763 2442 templum
774 2404 906 2444 Delphi-

352 2448 359 2453 *
469 2456 538 2475 cnm
553 2446 703 2485 expilant.

427 2488 803 2520 AlexanderPheraeusab
811 2500 906 2520 uxore

464 2532 634 2570 jugulatur.

426 2574 488 2604 Dio
527 2574 713 2613 Dionysium
753 2576 907 2613 juniorem

471 2618 632 2655 Syracusis
649 2619 805 2648 exturbat.

188 2658 262 2688 CVI
323 2663 337 2688 1
365 2662 406 2690 26
431 2660 606 2691 Alexander
619 2661 663 2690 M.
676 2660 820 2690 nascitur.

319 2704 337 2732 ¹2
362 2705 402 2733 527
428 2703 546 2733 Bellum
571 2713 773 2739 sacrum,seu
795 2704 906 2734 Phoci-

471 2756 552 2782 cum,
582 2747 746 2777 decennale
777 2748 905 2777 exarde-

472 2789 541 2818 scit.

428 2832 588 2862 Demosth.
605 2831 733 2871 scripsit
742 2843 786 2862 or.
799 2831 830 2862 in
842 2833 906 2863 An·

471 2875 643 2905 drotionem
657 2880 688 2905 et
705 2875 876 2915 Leptinem.

323 2919 341 2947 5
365 2920 405 2949 *28
429 2919 482 2947 Or.
499 2919 537 2947 de
555 2917 706 2949 classibus
732 2918 800 2959 περὶ
825 2930 904 2957 συμ-

472 2972 580 2999 μυξη-τ’,

464 147 659 190 INDEX
696 149 832 193 RER.
866 149 1363 194 MEMORABILIUM

1175 257 1337 297 Philippus
1349 257 1482 295 Pagasas
1494 261 1523 287 et
1532 256 1651 287 Metho-

1218 310 1285 329 narn
1302 301 1395 341 cepit.

1174 343 1308 379 Leucon,
1329 354 1384 373 rex
1411 342 1553 382 Bospori,
1575 342 1652 378 obit,

1218 386 1356 416 succedit
1372 386 1451 416 filins
1465 387 1641 424 Spartacus-

1066 431 1086 458 4
1110 430 1152 459 29
1173 428 1448 468 Timocratea‚pro
1470 428 1654 468 Megalopo-

1215 472 1328 507 titanis,
1344 478 1374 501 et
1390 471 1452 511 πεξῖ
1466 470 1636 510 συντάξεως.

1173 514 1253 544 Phil.
1269 515 1414 544 Heraeum
1430 514 1591 545 castellum
1603 523 1654 544 ca·

1215 557 1273 596 pit.
1318 557 1477 588 Thessalis
1492 556 1653 587 succurrit.

1214 599 1655 635 Onomarchum‚ducemPho-

1215 643 1362 678 censium,
1377 642 1531 682 profligat.

1173 684 1286 715 Chares
1298 687 1540 726 Hellespontum
1550 685 1654 725 ingre-

1217 728 1310 764 ditur,
1323 729 1446 759 Sestum
1458 733 1628 769 oppugnat.

1175 771 1412 811 Kersobleptes‚
1437 771 1584 811 Philippo
1607 769 1654 800 in-

1215 814 1324 850 festus,
1367 815 1540 845 universam
1587 813 1654 843 fere

1216 857 1474 893 cherrhonesum,
1522 860 1656 895 excepta

1215 899 1338 936 Cardia,
1360 899 1512 939 permittit
1525 898 1654 931 Atheni-

1218 941 1354 978 ensibus,
1390 943 1423 973 hi
1457 942 1585 973 colonos
1615 951 1653 973 eo

1216 984 1385 1015 deducunt.

1173 1027 1345 1064 Mausolus,
1382 1027 1482 1063 Cariae
1514 1028 1656 1068 dynasta,

1215 1070 1292 1107 obit,
1315 1075 1388 1110 post
1411 1080 1503 1112 quem
1529 1069 1655 1102 biennio

1216 1119 1325 1153 regnat
1349 1115 1416 1154 ejus
1440 1124 1521 1144 uxor
1546 1114 1655 1145 eadem

1216 1161 1309 1197 atque
1354 1167 1441 1188 soror
1475 1155 1654 1189 Artemisia.

1216 1203 1280 1230 tum
1297 1199 1433 1231 Idrieus.

938 1240 1031 1272 CVII
1065 1244 1077 1271 1
1107 1243 1149 1273 30
1173 1241 1375 1274 Demosth.iu
1387 1243 1654 1285 Philippnmcon-

1215 1286 1334 1316 cionari
1363 1287 1469 1327 coepit.
1521 1286 1656 1328 Scripsit

1216 1329 1470 1360 Aristocrateam.

1174 1371 1353 1412 Philippus,
1364 1383 1418 1413 per
1430 1372 1655 1413 Thermopylas

1216 1414 1248 1444 in
1279 1416 1447 1446 Phocidem
1482 1415 1656 1455 irrumpere

1217 1462 1350 1495 tentans,
1363 1459 1400 1488 ab
1413 1458 1655 1489 Atheniensibus

1217 1506 1392 1539 praeventus
1415 1502 1597 1532 excluditur
1621 1506 1655 1532 et

1217 1544 1248 1573 in
1265 1545 1383 1575 Locros
1399 1548 1517 1575 movet.

1173 1585 1379 1618 Athenienses
1415 1587 1565 1618 coloniam
1598 1588 1654 1618 Sa-

1216 1639 1300 1660 mum
1315 1631 1450 1661 mittunt.

1134 1675 1149 1702 1
1175 1673 1231 1702 Or.
1246 1683 1303 1712 pro
1319 1673 1463 1707 Rhodiis.

1134 1718 1152 1746 2
1176 1717 1348 1755 Evagoras,
1375 1727 1433 1747 rex
1461 1715 1568 1756 Cypri,
1597 1727 1656 1748 una

1218 1769 1289 1789 cum
1314 1759 1483 1796 Phocione,
1506 1760 1579 1790 Ath.
1600 1759 1658 1790 im-

1217 1806 1371 1842 peratore,
1383 1802 1536 1834 Salamina
1548 1803 1655 1834 urbem

1219 1845 1351 1876 obsidet.

1067 1891 1089 1919 4
1111 1889 1153 1919 33
1177 1889 1404 1920 Demosthenes
1416 1895 1480 1920 tres
1489 1887 1656 1928 Olynthia-

1219 1942 1271 1961 cas
1301 1931 1395 1969 dixit,
1425 1936 1458 1962 et
1485 1932 1656 1963 Midianam

1221 1973 1361 2014 scripsit.

1175 2017 1342 2058 Philippus
1372 2018 1543 2058 Olynthum
1573 2017 1658 2049 obsi-

1219 2061 1283 2090 det.
1328 2061 1469 2100 Olynthii
1482 2061 1603 2100 legatos
1616 2061 1658 2092 A·

1218 2104 1326 2134 thenas
1336 2105 1474 2140 mittunt,
1482 2103 1600 2135 auxilia
1608 2114 1658 2136 ro-

1219 2151 1341 2186 gatum.

940 2188 1049 2220 CVIII
1067 2193 1083 2220 1
1109 2192 1151 2222 34
1174 2189 1340 2230 Philippus
1349 2190 1521 2229 Olynthum
1533 2190 1657 2229 capitet

1219 2233 1329 2270 diruit,
1340 2238 1372 2263 et
1386 2234 1418 2263 in
1430 2233 1570 2264 victoriae
1585 2243 1658 2264 con-

1067 1673 1130 1703 23

1067 1717 1130 1747 33

1220 2276 1458 2315 gratulationem
1499 2276 1660 2316 Olympia,

1220 2318 1426 2350 Macedonica
1457 2326 1544 2359 puta,
1573 2321 1655 2352 cele-

1221 2363 1299 2392 brat.
1331 2362 1417 2402 capit
1442 2361 1517 2392 item
1543 2362 1655 2404 Meky-

1220 2406 1343 2435 bernam
1360 2410 1392 2435 et
1406 2406 1571 2436 Toronam.

1071 2449 1089 2477 ‘2
1115 2450 1156 2479 35
1182 2448 1345 2479 Demosth.
1379 2447 1486 2478 habuit
1519 2448 1656 2487 quintam

1221 2489 1441 2530 Philippicam,
1463 2500 1481 2520 a
1504 2491 1658 2531 Dionysio

1220 2535 1300 2564 male
1318 2538 1437 2563 sextam
1461 2534 1657 2574 appellatam,

1223 2576 1421 2614 incipientem
1431 2577 1558 2607 averbis
1569 2577 1588 2607 ἃ
1599 2577 1656 2618 μὲν

1222 2621 1318 2658 ἡμεῖς.
1339 2620 1432 2650 hodie
1445 2630 1518 2659 pars
1529 2621 1658 2653 dimidia

1221 2667 1270 2692 est
1308 2662 1495 2703 Philippicae
1540 2663 1656 2703 primae.

1221 2704 1366 2735 Sclwttus.
1383 2716 1414 2736 v.
1442 2705 1534 2736 Dem.
1558 2707 1656 2738 nostri

1222 2760 1251 2788 p.
1267 2750 1320 2779 48.
1336 2750 1388 2778 16.

1178 2791 1380 2821 Athenienses
1405 2801 1474 2821 cuin
1499 2791 1579 2822 Phil.
1601 2802 1657 2833 pa-

1222 2844 1289 2864 cem
1305 2834 1431 2864 faciunt.

1177 2877 1307 2916 Legatio
1324 2877 1543 2908 Demosthenis
1558 2882 1590 2908 et
1601 2877 1655 2909 ΛΕ-

1220 2919 1346 2950 schinis.

1070 2965 1087 2991 :3
1114 2964 1154 2993 :36
1180 2964 1285 2993 Oratio
1312 2963 1350 2992 (le
1373 2973 1461 3002 pace,
1489 2963 1562 2994 item
1580 2962 1656 2994 Phi-

1795 990 1822 1106 funs
1795 968 1817 981 ·.
1792 844 1822 958 *w
