1822 3187
540 186 1031 232 DEMOSTHENEAE.

123 300 175 334 82,
191 300 244 329 21.
268 295 364 336 ἐθίζειν
383 295 432 325 καὶ
453 294 668 335 προδιδάσκειν“
658 294 736 325 εστὶν
755 295 790 328 ὡς

122 339 275 374 πλείστους
289 340 415 370 &sanast
405 340 492 379 υμᾶς.
511 340 586 374 767,
605 341 658 369 14.
675 335 710 367 τὸ
725 335 790 376 πρὸς

122 385 164 414 τὰ
180 394 302 413 τοιαυτα
321 381 415 424 πρᾴως
430 381 515 422 ἔχειν,
535 379 735 422 προδιδάσκει“
726 379 790 410 ετέ-

123 437 181 465 ρους
195 424 307 460 ἀδίκους
315 425 393 456 εἰναι.
408 427 504 460 1231,
520 426 573 454 26.

81 468 245 511 προδιδόναι]
260 469 344 502 οὐδεὶς
357 467 391 498 τὸ
406 468 455 497 τοῦ
470 466 636 507 προδιδόντος
649 463 793 505 συμφέρον

125 511 214 552 ζητῶν
228 509 359 565 χρήματ’
374 509 531 540 ἀναλίσκει.
545 511 621 545 241,
636 510 688 538 14.
711 508 793 546 ὑμεις

124 554 178 593 μὲν
188 555 279 586 οὐδένα
293 553 410 583 πώποτε
423 551 600 603 προύδώκατε
615 549 705 591 φίλον,
719 556 793 581 Θετ-

125 598 209 628 ταλοὶ
222 596 250 628 δὲ
259 595 350 628 οὐδένα
366 595 483 626 πώποτε
495 593 585 624 δ’ντινα
600 594 638 624 οὔ.
655 595 730 629 657,
741 596 793 624 24.

125 653 163 671 συ
185 640 231 670 τᾶν
250 640 289 674 εἷς
302 639 400 668 ταῦτα
418 637 490 668 ἔλεον
508 636 693 678 προδέδωκας.
716 638 794 673 795,

126 686 179 714 12.
198 682 245 713 τὸν
264 679 410 721 ὄφθαλμόν
432 678 515 709 αὐτόν
538 679 707 722 προδιδόντα.
731 680 795 709 class

126 727 200 756 seim
215 726 321 766 Augen
334 723 386 753 ihn
405 723 558 752 verliessen
575 722 659 763 [that
673 722 717 752 his
733 731 796 761 eyes

127 769 265 808 betrayed
286 765 376 807 him],
391 765 422 795 id
445 771 502 801 est,
520 767 584 796 dass
597 767 657 796 sein
675 765 795 796 Gesicht

127 811 189 841 ihm
212 810 324 849 ablegte
355 807 434 849 [that
460 807 505 838 his
530 808 673 849 eye-sight
693 807 795 850 failed

128 853 213 893 himJ.
231 855 329 889 1239,
343 853 399 882 ult.
419 851 513 892 ὥσπερ
529 853 579 883 τὴν
598 851 679 883 πόλιν
701 851 796 891 προδε-

127 895 242 931 δωκότι,
266 895 311 935 τρῖ
326 894 416 934 πατρὶ
438 893 506 924 δέκα
527 894 674 925 ταλάντων
692 893 795 933 ἐτιμή-

127 950 212 970 σατο.
236 938 313 969 δεινὸν
333 939 444 977 ἡγοῦντο
471 939 520 968 τῆν
541 936 637 968 ἐκείνου
658 937 797 978 προδοῦναι

127 981 291 1023 προαίρεσιν.
312 982 350 1011 ab
374 983 441 1020 ejus
464 980 611 1016 moribus,
634 980 797 1016 institutis,

130 1025 244 1054 studiis
259 1024 442 1055 desciscere.
462 1025 558 1060 1397,
575 1024 627 1054 25.

88 1067 323 1107 ωροδιηγεῖσθαι.
342 1069 437 1102 1345,
452 1069 505 1102 10,
519 1068 615 1102 1376,
632 1067 685 1097 23.

87 1110 257 1152 προδιοικεῖν]
275 1109 449 1152 προδιῴκητο.
460 1109 547 1149 prius
563 1110 740 1140 adornatum
753 1108 799 1140 fu-

132 1159 197 1183 erat
211 1158 302 1193 atque
317 1158 535 1183 constructum.
551 1154 626 1188 625,
640 1154 670 1183 5.

89 1193 256 1248 προδοσία]η
257 1196 370 1226 crimen
393 1195 589 1235 proditionis.
611 1194 702 1236 ἔνοχος
722 1193 800 1225 ἔστω

131 1239 192 1273 τοῖς
217 1250 269 1272 της
293 1237 438 1279 προδοσίας
461 1237 626 1278 ἐπιτιμίοις.
651 1239 800 1273 238,11.

131 1280 278 1322 προδοσίας
301 1283 388 1315 ἁλούς
410 1280 474 1321 τρία
502 1281 636 1311 τάλαντα
665 1279 801 1312 ἀπέτισε.

133 1326 278 1362 740,14.
299 1325 494 1354 Cons.1344.
513 1327 543 1353 1.

92 1367 234 1409 πρόδοσις]
251 1366 414 1408 Handgeld
431 1366 486 1407 [tm
500 1371 624 1402 earnest,
637 1371 740 1396 smart-
743 1375 800 1395 mo-

133 1410 218 1451 neyJ.
229 1409 466 1450 manupretium,
475 1408 718 1448 aes‚quodmiliti
731 1419 759 1439 e.
772 1418 800 1438 c.

134 1464 243 1484 recens
264 1453 452 1492 conscripto,
467 1452 503 1482 ad
521 1453 610 1482 fidem
627 1452 710 1501 pacti
727 1462 800 1481 con-

130 1496 222 1526 tracti
234 1496 421 1531 firmandam,
437 1496 533 1525 arrhae
548 1495 642 1525 loco'
633 1506 664 1524 in
679 1505 799 1525 manum

132 1540 233 1569 datur.
248 1538 348 1580 δωρεὰς
361 1538 410 1570 καὶ
425 1537 565 1579 προδόσεις
580 1537 672 1569 αὐτῶν
686 1537 802 1578 ἑκάστῳ

133 1581 193 1616 δοὺς
206 1582 352 1622 μεγάλας.
370 1584 466 1617 1208,
484 1583 534 1611 16.
552 1583 648 1615 1210,
665 1583 717 1610 10.

91 1624 238 1666 προδότης]
262 1624 346 1660 οὒδεὶς
364 1625 406 1664 τῷ
427 1623 544 1665 προδότῃ
565 1624 724 1663 συμβούλῳ
742 1622 803 1663 περι

134 1670 192 1698 τῶν
220 1670 325 1699 λοιπῶν
358 1667 404 1697 ἔτι
439 1676 558 1708 χρηται·
593 1667 804 1705 imposterum,

134 1715 316 1765 postquam
325 1710 392 1764 ejus
411 1720 506 1750 opera
526 1710 620 1739 semel
645 1719 717 1739 usus
736 1714 802 1738 est·

135 1753 208 1784 οὐδὲν
227 1754 281 1793 γὰρ
303 1752 335 1782 ἃν
356 1751 385 1784 ην
406 1751 643 1793 εὐδαιμονέστερον
663 1751 806 1805 προδότου.

135 1799 280 1832 241,16.
303 1806 390 1825 πασα
405 1797 419 1827 ἡ
435 1795 576 1835 οἰκουμένη
597 1796 696 1835 μεστὴ
714 1794 806 1833 γέγονε

135 1840 283 1879 προδοτῶν.
296 1841 370 1874 242,
384 1842 415 1869 1.
427 1839 524 1879 ωσπερ
534 1838 598 1879 ουχὶ
609 1839 674 1872 τοῦς
687 1838 806 1868 ἀδικοῦν-

137 1893 193 1916 τας
215 1881 323 1913 τούτων
347 1880 430 1915 ὄντας
457 1880 612 1922 Δω’ροδότας,
638 1880 721 1921 [scil.
752 1882 808 1910 τῶν

134 1925 220 1961 ἁλῶν,
229 1927 284 1955 τῶν
293 1924 424 1960 σπονδῶν,
433 1924 482 1954 καὶ
492 1926 544 1958 τῆς
555 1923 724 1965 τραπέζης]
733 1926 808 1960 400,

137 1970 189 1998 18.
209 1967 237 2002 ὃς
259 1970 314 1998 τῶν
333 1967 524 2009 εὐτυχούντων
547 1965 611 1997 ἐστὶ
632 1966 734 2006 κόλαξ,
756 1978 809 2007 κᾳν

136 2012 285 2052 ἀτυχῶσι,
315 2013 371 2041 τῶν
406 2011 498 2041 αὐτῶν
529 2009 637 2041 τούτων
666 2009 808 2051 προδότης.

140 2057 236 2090 1121,
251 2056 282 2084 6.

99 2095 239 2138 προεδρίαν
253 2095 279 2126 ἒν
293 2095 352 2129 τοῖς
365 2096 457 2134 ἀγῶσι
472 2095 580 2126 διδόναι.
593 2097 644 2134 jus
660 2096 690 2125 in
711 2095 809 2134 primo

140 2149 251 2175 cuneo,
264 2149 318 2169 seu
331 2138 476 2176 primario
495 2148 686 2168 scamnorum
704 2138 810 2168 ordine

142 2181 281 2212 sedendi.
297 2183 370 2211 256.
385 2182 418 2211 7.
435 2181 570 2221 προεδρία,
586 2192 641 2221 pro
658 2191 811 2220 praeroga-

143 2225 218 2260 tiva,
238 2225 351 2254 honore
377 2224 545 2262 praecipuo.
572 2224 757 2254 Plutarchus
781 2224 810 2253 in

141 2267 206 2298 vita
221 2266 339 2297 AEmilii
355 2266 445 2296 Pauli
462 2267 544 2296 circa
558 2268 648 2298 finem
663 2266 719 2308 (ll.
737 2269 812 2303 191,

142 2310 196 2340 ult.

99 2310 236 2394 πρόεδροί]
261 2363 308 2382 τον
328 2351 481 2391 πρόεδρον
471 2350 498 2382 ο’ν
516 2350 587 2382 ποτέ
607 2359 694 2390 φασιν
709 2350 734 2380 ἐν
748 2352 815 2390 ὑμῖν

140 2398 289 2434 πληγῆναι.
303 2396 377 2431 525,
388 2397 440 2424 26.
450 2393 550 2428 τουςδέ
561 2394 718 2435 προέδρους,
730 2396 813 2434 prin-

144 2438 230 2478 cipes
261 2444 434 2477 prytanum,
462 2436 489 2466 οἳ
517 2437 550 2467 ἃν
576 2438 759 2478 τυγχάνωσιν
789 2437 815 2468 ἐν

144 2481 237 2512 ταύτη
252 2480 290 2512 τ’νῖ
303 2479 440 2520 ἐκκλησίᾳ
455 2480 661 2521 προεδρεύοντες.
673 2482 749 2516 706,
761 2483 814 2512 20.

144 2536 204 2558 τοις
211 2514 356 2564 προεδροις
367 2521 395 2552 οἳ
402 2522 603 2564 κεκληρωμένοι
613 2522 770 2564 καθίζουσιν
783 2523 815 2563 ἐξ

145 2568 234 2606 υμῶν.
248 2569 325 2602 728,
341 2569 393 2597 27.

102 2609 265 2650 προειδέναι]
279 2607 396 2649 πρόὶστε
406 2620 471 2644 τους
479 2609 587 2647 λόγους,
600 2609 642 2643 οὓς
651 2609 682 2638 ἂν
694 2608 816 2643 ἕκαστος

145 2652 219 2692 εἴπῃ.
236 2653 332 2688 1445,
347 2654 398 2682 23.
412 2651 555 2681 ἐκτιθέναι
570 2651 674 2682 κελεύει
687 2653 736 2682 τοῦ
750 2663 815 2694 προ-

148 2684 244 2724 ειδέναι
255 2694 375 2729 πάντας.
389 2697 464 2724 711.
483 2697 534 2724 20.

106 2737 259 2778 προειπεῖν]
295 2736 491 2777 προειρημένον,
521 2748 590 2767 cnm
623 2742 707 2766 esset
736 2737 816 2766 indi-

147 2785 240 2815 ctum,
248 2780 476 2815 denunciatum,
488 2781 590 2820 ἡμερῶν
599 2779 712 2820 ἀριθμόν
721 2780 816 2817 ἁγνεύ-

148 2834 195 2852 ειν.
227 2824 301 2857 618,
334 2824 364 2852 9.
394 2823 531 2861 προειπεῖν
560 2823 603 2861 τῷ
629 2821 766 2853 κτείναντι
793 2823 819 2853 ἔν

152 2864 250 2906 ἀγορᾷ.
272 2864 325 2904 qui
347 2865 504 2894 occideret
528 2865 669 2903 aliquem,
690 2867 728 2895 ad
749 2876 818 2895 eum

152 2909 287 2938 adeunto
303 2907 332 2936 in
349 2908 427 2944 soro,
441 2917 543 2937 coram
558 2908 662 2937 multis
679 2909 820 2943 testibus,

154 2951 244 2989 eique
272 2949 482 2986 dcnuntianto,
506 2956 538 2980 ut
564 2951 760 2989 imposterum
789 2962 821 2980 se

156 2994 283 3033 foroque
313 2993 513 3031 universoque
541 2994 695 3024 territorio
720 2993 822 3024 Attico

1446 188 1530 231 229

865 293 1027 328 abstineat,
1038 292 1177 331 emigret,
1191 303 1258 324 cum
1271 294 1376 331 minis,
1386 295 1414 325 si
1427 299 1533 326 eontra

866 336 984 371 fecerit,
996 336 1127 365 actionis
1142 336 1325 367 homicidii·
1316 348 1347 367 111
1363 349 1432 368 eum
1447 338 1535 368 insti·

868 379 1044 410 stituendae.
1073 380 1171 414 1068,
1195 389 1268 417 pen.
1294 382 1431 420 «προεῖπεν
1458 381 1539 421 αὐτῷ

867 421 915 453 ἐπὶ
927 419 1079 460 Παλλαδίῳ
1091 420 1170 461 φόνου
1182 419 1270 461 [δίκην
1284 424 1443 464 subaudi}
1456 424 1538 455 dixit

868 465 898 495 ei
920 465 1002 495 diem
1022 465 1060 494 de
1077 464 1285 501 homicidio‚·
1276 475 1306 494 ln
1324 467 1462 496 Palladio
1483 468 1537 497 ob-

869 510 1011 538 eundam.
1035 510 1131 542 1348,
1160 510 1212 537 11.
1241 506 1405 548 »προείρηται
1432 508 1487 549 μὲν
1519 508 1539 539 ἃ

869 551 973 591 μέλλω
988 549 1078 590 λέγειν
1088 549 1142 581 ὑπὸ
1153 549 1249 580 ἄλλων
1263 549 1398 591 πρότερον.
1409 553 1472 591 jam
1485 553 1542 581 du-

870 595 941 624 dum
965 598 1034 624 ante
1057 604 1105 623 me
1125 593 1178 623 alii
1200 604 1321 632 quoque
1346 594 1411 624 haec
1435 595 1540 624 eadem

870 637 1008 667 oratione
1023 636 1163 666 exsecuti
1177 642 1258 667 sunt.
1269 638 1364 673 1391,
1373 646 1444 674 pen.
1455 635 1547 667 ταῦτ’

870 677 912 710 οὖν
930 678 1158 719 φυλαττόμενος,
1171 679 1333 718 legislator
1352 680 1451 710 ταῦτα
1476 689 1541 720 προ-

870 724 945 758 εἷπε,
955 722 1004 753 καὶ
1018 721 1063 752 ἐ’τι
1078 722 1144 763 πρὸς
1158 722 1275 756 τούτοις.
1289 724 1364 759 711,
1380 722 1433 752 15.

829 764 1018 805 προεισάγειν]
1050 764 1266 806 προεισηγμένου
1293 764 1362 806 ἐμοῦ
1393 764 1477 806 [scil.
1506 764 1545 799 εἰς

871 809 936 842 τοὺς
951 808 1117 849 φράτορας]
1133 811 1228 845 1004,
1245 810 1275 839 6.

830 850 1072 892 προεισέρχεσθαι.
1089 853 1164 887 840,
1179 853 1211 881 5.

829 894 1036 935 προεισφέρειν]
1048 893 1117 935 ὑπὲρ
1131 893 1232 924 ἑαυτοῦ
1242 892 1290 923 καὶ
1302 894 1357 923 τῶν
1367 893 1470 923 λοιπῶν
1480 903 1545 933 προ-

873 938 1041 975 εισενεγκεῖν.
1076 937 1265 977 largitiones,
1303 936 1545 967 contributiones

875 985 1068 1020 spontaneas,
1087 979 1245 1020 gratuitas,
1270 980 1343 1010 dare
1366 989 1423 1019 pro
1447 990 1492 1015 se,
1514 984 1547 1009 et

873 1033 930 1063 pro
940 1023 1019 1060 aliis,
1028 1023 1079 1062 qui
1090 1024 1154 1062 jam
1164 1034 1223 1053 non
1238 1027 1379 1061 possunt,
1393 1022 1447 1052 sed
1457 1026 1546 1061 post-

875 1066 1000 1096 modum
1026 1066 1101 1096 facti
1126 1066 1346 1105 locupletiores
1372 1065 1546 1095 refundent.

874 1108 1066 1145 vorstrecken,
1093 1108 1290 1139 versclziessen'
1316 1108 1360 1148 [to
1389 1107 1550 1147 odiumne]-

880 1153 954 1187 185,
971 1151 1021 1183 15.
1039 1152 1121 1191 ἡμεῖς
1135 1153 1158 1183 οἶ
1171 1150 1412 1192 προεισφέροντες.
1429 1153 1504 1188 564,
1515 1153 1546 1181 8.

877 1194 953 1233 ἄγειν
971 1194 1010 1228 εἷς
1029 1195 1096 1228 τοὺς
1114 1193 1356 1235 προεισφέροντας.
1370 1193 1493 1232 adigere
1509 1194 1548 1224 ad

876 1237 1092 1268 necessitatem
1114 1247 1172 1276 pro
1192 1238 1260 1267 aliis
1284 1237 1493 1276 indigentibus
1514 1236 1548 1266 in

877 1285 1067 1310 antecessum
1079 1279 1287 1320 dependendi.
1300 1282 1397 1315 1046,
1409 1282 1462 1310 24.
1474 1291 1548 1319 ωρο-

877 1322 1021 1361 εισ-ἡνεγκα
1035 1322 1120 1363 μέρος
1132 1323 1179 1354 οὐκ
1191 1321 1350 1364 ἐλάχιστον
1364 1325 1418 1352 τῶν
1432 1323 1550 1364 χρημά-

876 1377 943 1396 των.
958 1369 1054 1401 1208,
1069 1367 1121 1397 25.

835 1410 1015 1452 προεισφορὰν
1036 1408 1069 1438 ἂν
1086 1410 1130 1449 μῆ
1154 1406 1320 1448 κομίζηται.
1344 1407 1369 1437 si
1391 1407 1492 1437 minus
1505 1418 1551 1437 re-

877 1456 1005 1491 cuperet
1029 1452 1075 1488 id,
1104 1452 1188 1491 quod
1212 1452 1245 1481 in
1270 1454 1464 1480 antecessum
1493 1461 1550 1490 pro

877 1495 939 1525 alio
959 1494 1025 1535 jam
1048 1495 1191 1531 debente,
1217 1494 1271 1525 sed
1296 1494 1473 1534 dependere
1492 1504 1551 1524 non

879 1538 1012 1574 valente,
1042 1536 1238 1577 dependerit.
1268 1539 1342 1572 977,
1373 1539 1425 1568 19.
1461 1536 1552 1568 ἔθηκα

879 1583 989 1621 πρῶτος
1002 1592 1058 1613 τας
1073 1581 1264 1622 προεισφορόις.
1280 1582 1377 1614 1209,
1392 1582 1423 1610 3.

837 1622 1026 1665 προεκλέγειν]
1049 1624 1097 1653 και
1117 1625 1217 1654 ταῦτα
1239 1620 1479 1663 προεξειλεγμένα.
1498 1622 1556 1652 du·
1552 1623 1561 1630 ““

880 1667 952 1697 dum
975 1673 1056 1702 ante,
1072 1677 1159 1706 quam
1179 1671 1212 1696 tu
1236 1667 1274 1696 ad
1293 1666 1476 1705 exigendum
1501 1676 1554 1695 ve-

881 1709 976 1745 neris,
1001 1711 1038 1739 ab
1060 1710 1130 1740 aliis
1154 1714 1263 1739 exacta
1287 1713 1318 1738 et
1344 1709 1479 1743 redacta,
1504 1708 1555 1737 vel

882 1758 952 1783 ante
962 1757 1106 1783 statutam
1117 1751 1299 1792 depensioni
1310 1752 1403 1781 diem.
1413 1753 1489 1787 305,
1505 1755 1556 1782 18.

883 1797 925 1826 τιὶ
944 1794 1000 1835 μὲν
1017 1796 1118 1836 εὔπορα
1133 1793 1181 1835 ὑφ’
1194 1794 1293 1836 ἑτέρων
1310 1793 1558 1835 προεξειλεγμένα.

884 1840 979 1874 1209,
996 1841 1027 1869 6.

841 1880 1084 1921 προεξαγγέλλειν.
1099 1882 1175 1917 419,
1192 1881 1244 1910 15.

840 1923 1114 1965 προεξανίστασθαι]
1126 1924 1148 1953 εἷ
1158 1925 1201 1964 μὴ
1211 1922 1455 1963 προεξανέστημεν
1465 1923 1557 1961 ἡμεῖς.

884 1967 977 2006 paulo
995 1972 1063 1997 ante
1077 1966 1390 1996 consurrexissemus.
1409 1969 1484 2001 282,
1501 1967 1531 1995 2.

843 2008 1044 2051 προέρχεσθαι]
1077 2010 1115 2043 εἷς
1141 2011 1198 2040 πᾶν
1225 2009 1400 2049 προελήλυθε
1422 2021 1463 2038 τα
1483 2009 1558 2048 πρά-

885 2065 994 2092 γματα
1008 2051 1178 2093 μοχθηρίας.
1194 2054 1247 2086 29,
1264 2054 1314 2081 17.
1339 2063 1361 2081 οι
1351 2050 1559 2091 προεληλυθεν

884 2095 1023 2136 ἄνθρωπος
1043 2095 1205 2133 ἀσελγείας.
1230 2097 1284 2128 42,
1308 2096 1361 2125 25.
1386 2106 1434 2123 του
1456 2105 1557 2124 ταυτα

885 2150 971 2172 ουτως
993 2138 1119 2180 αἰσχρῶς
1137 2136 1365 2178 προεληλυθέναι,
1383 2137 1416 2167 id
1440 2141 1499 2174 est,
1518 2137 1558 2170 εἷς

886 2182 972 2210 τοῦτο
997 2181 1142 2233 αἰσχύνης.
1173 2183 1246 2215 688,
1279 2183 1329 2211 17.
1357 2180 1395 2213 εἷς
1421 2180 1559 2220 υπηρέτου

887 2225 968 2264 τάξιν
982 2223 1030 2254 καὶ
1051 2235 1160 2265 σχημα
1180 2225 1194 2254 ἡ
1211 2223 1293 2258 πόλις
1307 2222 1486 2263 προελήλυθε.
1505 2224 1561 2253 de-

888 2267 983 2300 venit,
1000 2269 1074 2302 690,
1088 2270 1139 2298 22.
1163 2267 1201 2301 εἷς
1215 2267 1286 2296 τοῦτ
1289 2265 1499 2300 ἀναισθησίας
1510 2277 1560 2295 και

888 2309 1001 2350 τόλμης
1013 2308 1230 2352 προεληλύθασι.
1247 2311 1321 2340 757.
1335 2311 1366 2338 7.
1383 2307 1562 2348 προελθόντος

888 2353 927 2386 εἰς
953 2354 1036 2382 τοῦτο
1065 2354 1114 2382 τοῦ
1141 2353 1326 2392 πράγματος.
1350 2353 1446 2386 1258,
1471 2354 1502 2381 7.
1529 2352 1561 2380 ἐκ

889 2397 943 2424 τῶν
964 2396 1093 2425 τοιούτων
1116 2395 1205 2432 λόγων
1229 2394 1277 2423 καὶ
1302 2393 1422 2424 ἐλπίδων
1443 2393 1481 2429 εἷς
1503 2395 1561 2424 πᾶν

890 2438 1064 2479 προελήλυθε
1079 2440 1119 2468 τὰ
1133 2436 1258 2479 παρόντα
1273 2437 1449 2478 μοχθηρίας.
1465 2439 1565 2472 1419,

892 2484 943 2511 10.
954 2481 1137 2523 προέρχεσθαι
1149 2491 1205 2520 pro
1216 2479 1425 2521 παρέρχεσθαι,
1437 2479 1561 2519 prodire

892 2525 929 2554 ad
959 2525 1148 2560 concionem,
1175 2523 1284 2563 agendi
1312 2533 1385 2561 ergo
1412 2533 1481 2552 cum
1507 2533 1563 2561 po-

891 2567 974 2607 pulo.
1003 2568 1097 2602 1459,
1123 2570 1174 2597 14.
1199 2566 1272 2605 ἄξιον
1294 2565 1318 2596 δ’
1338 2566 1411 2601 ἰδεῖν,
1435 2564 1480 2604 ἐφ’
1500 2564 1562 2596 ὅσον

890 2610 1066 2650 φρονήματος
1081 2610 1126 2641 ἤδη
1141 2608 1326 2650 προελήλυθε.
1344 2611 1418 2644 557,
1435 2610 1486 2639 24.

849 2653 1104 2694 προευλαβεῖσθαι.
1121 2656 1197 2687 798,
1213 2662 1282 2691 pen.

849 2696 1105 2737 προευωορεῖσθαι]
1128 2697 1167 2725 de
1189 2693 1323 2733 pecunia
1340 2693 1425 2732 prius
1441 2704 1564 2733 compa·

892 2746 996 2778 parata
1013 2743 1044 2768 et
1060 2742 1220 2779 praesente‚
1237 2747 1325 2776 quam
1343 2738 1409 2776 ejus
1425 2747 1499 2767 usus
1513 2737 1564 2767 sit.

892 2784 967 2815 731,
984 2783 1015 2812 3.

852 2824 991 2865 προέχειν]
1017 2822 1118 2862 πολλῷ
1138 2821 1250 2863 προέχει
1274 2820 1347 2862 ’ωρός
1369 2821 1455 2852 τὸ·-
1471 2823 1564 2863 πράτ-

896 2866 1007 2897 τεσθαι.
1023 2867 1127 2896 multis
1146 2866 1283 2905 partibus
1299 2866 1386 2895 nobis
1403 2871 1451 2896 est
1473 2876 1564 2905 supe-

896 2911 971 2944 rior,
1001 2920 1056 2938 nos
1085 2915 1155 2947 post
1185 2919 1218 2938 sc
1246 2909 1402 2948 relinquit.
1433 2912 1485 2945 10,
1515 2911 1565 2938 14.

899 2951 981 2982 πλέον
1002 2952 1040 2993 τξῖ
1062 2950 1169 2982 συνέσει
1192 2951 1333 2993 προέχειν,
1352 2952 1366 2983 ἢ
1389 2951 1433 2990 τῷ
1456 2952 1570 2985 κάλλει,

900 2998 955 3024 τῶν
970 2996 1130 3026 ἡλικιωτῶν.
1148 2997 1241 3032 1401,
1257 2997 1287 3026 6.
1314 2996 1326 3025 ὁ
1346 2994 1528 3035 δανειζόμενος
1546 2993 1571 3023 ἓν
