1822 3187
575 167 1061 212 DEMOSTHENEAE.

140 276 356 318 γαρχιαν.196,
371 279 420 307 13.
442 276 624 316 μεθιστῖίναι
645 275 694 307 καὶ
714 281 797 305 λελυ-

139 320 264 359 μάνθαι.
292 320 328 349 ad
353 319 525 349 inferiorem
549 320 674 358 gradum
697 317 797 348 desci-

141 363 235 398 visse,
259 362 296 391 ud
318 362 501 392 deteriorem
525 362 727 391 conditionem
750 371 798 390 re-

140 404 248 435 dactus
264 415 343 435 esse.
359 407 433 441 500,
447 407 498 435 21.
521 401 737 444 μεθίστασθαι,
750 404 797 432 vel

138 450 331 486 μεταστῆναι,
347 448 405 477 alio
422 447 577 481 secedere,
598 456 613 475 e
630 451 797 484 conspectu

139 490 235 520 abire.
256 491 430 530 μετάστητε
451 489 515 528 ἔξω.
531 491 605 524 776,
621 491 672 519 24.
695 488 797 528 ὁρώμε-

137 543 177 563 νον
187 534 233 563 οὐκ
248 534 412 572 ἀναπληροῖ,
423 533 579 572 μεταστὰν
589 531 618 561 δὲ
630 531 797 571 μνημονεύε-

139 586 200 605 ται.
223 579 316 610 1404,
339 578 388 606 19.
415 585 432 604 e
455 574 553 614 patria
578 575 735 612 emigrare.
766 572 798 603 ἐκ

137 619 190 651 τῆς
210 621 265 648 τῶν
285 616 456 648 πεπονθότων
474 616 558 657 [scil.
570 615 676 646 ἀδικίαν
688 616 796 657 χώρας]

136 662 358 699 μεταστάντας,
378 660 416 693 εἷς
433 662 482 691 τὴν
496 662 552 689 τῶν
565 658 651 699 μηδὲν
666 658 798 699 ἢδικημέ-

136 713 184 732 νων
195 704 344 742 μετοικεῖν.
357 705 431 738 632,
444 705 494 733 19.
509 705 583 739 643,
596 704 626 734 5.
640 712 798 743 μεταστα-

137 743 230 776 Θέντα.
251 747 283 776 ὶιι
297 745 442 775 exsilium
458 746 502 775 ire
515 747 646 783 jussum.
659 748 733 779 802,
746 747 797 776 16.

93 787 224 829 μεθύειν]
237 787 303 822 οῖόυς
315 786 507 827 μεθυσθέντας
519 786 672 829 ὄρχεῖσθαι.
683 790 735 824 23,
746 791 796 818 16.

137 831 255 870 μεθύειν
267 831 310 870 τῷ
319 830 432 870 μεγέθει
447 833 500 860 τῶν
513 829 733 871 πεπραγμένων.
746 834 798 866 54,

140 875 169 903 9.
195 872 221 903 ἔν
236 872 341 906 θιάσοις
354 873 402 902 καὶ
417 873 562 913 μεθύουσιν
581 874 728 913 ἀνθρώποις
745 884 798 903 κα-

138 914 313 956 λινδούμενον.
330 918 405 952 403,
418 919 470 948 19.
492 919 541 947 τὴν
552 915 600 947 ἐπι
614 919 664 950 τῆς
678 928 799 958 πομπης

137 969 185 987 και
200 960 249 988 τοῦ
264 958 380 998 μεθύειν
391 958 540 999 πρόφασιν.
551 962 627 994 573,
640 964 668 989 1.
692 958 799 998 μεθύων

136 998 283 1042 ἐνεπαροίνει.
311 1003 385 1035 658.
408 1004 462 1032 15.
495 1001 621 1042 μεθύων.
653 1003 798 1032 furiosus.

137 1046 234 1078 1010,
250 1047 303 1075 26.
323 1043 462 1086 μεθυούσῃ
482 1045 555 1084 αὐτῇ
574 1045 674 1075 πολλοι
690 1044 800 1082 συνεγέ-

139 1096 210 1116 νοντο
224 1086 400 1120 καθεύδοντος
411 1099 460 1117 του
473 1086 620 1127 Φρυνίωνος.
636 1090 732 1124 1356,
747 1090 777 1118 9.

94 1129 290 1168 μειρακύλλιον
303 1130 337 1160 ὢν
354 1130 467 1170 κομιδῇ.
481 1133 556 1165 539,
569 1133 619 1160 23.

95 1173 288 1214 μελαγχολᾷν
302 1172 382 1202 δοκῶν
397 1172 491 1203 ἅπασι
507 1175 566 1207 τοῖς
579 1173 692 1208 οἰκείοις.
704 1175 799 1209 1183,

94 1254 204 1297 μέλαν]
218 1262 427 1290 atramentum.
449 1258 482 1288 τὸ
495 1257 588 1298 μέλαν
602 1258 707 1299 τρίέων.
724 1261 799 1297 313,

142 1302 192 1329 11.
216 1300 329 1342 ἰσχυρός
340 1313 386 1335 τις
401 1313 441 1337 ην,
454 1302 560 1341 μέλας.
578 1304 652 1336 537,
670 1304 720 1331 16.

95 1339 195 1381 μέλει]
209 1343 292 1381 μέλει
307 1344 360 1383 γάρ
376 1355 428 1374 τινι
443 1344 548 1374 τούτων
563 1347 618 1373 τῶν
640 1346 688 1374 τὴν
703 1343 800 1374 Ἀσίαν

137 1384 277 1416 οἰκούντων
289 1386 432 1416 Ἑλλήνων.
447 1389 499 1422 96,
508 1389 558 1417 23.
582 1386 614 1416 τί
624 1389 677 1426 γὰρ
693 1388 736 1426 τῷ
749 1394 799 1417 Ζε-

139 1426 218 1469 λείτῃ
233 1430 317 1458 τοῦτο
332 1428 428 1467 ἔμελε.
439 1432 512 1465 122,
523 1433 570 1459 12.
587 1429 672 1468 μέλει
687 1429 800 1467 δ’,οὒδενὶ

137 1472 192 1499 τῶν
215 1474 314 1507 κοινῶν,
328 1470 396 1501 ἀλλ’
414 1471 471 1501 οὐδὲ
495 1471 654 1512 μέμνηται.
677 1475 750 1508 383,
769 1476 798 1503 8.

136 1512 245 1548 τούτοις
255 1516 308 1554 γαρ
320 1514 452 1544 οὐδοτιοῧν
467 1514 564 1553 ἐ’μελε.
574 1517 647 1550 933,
658 1517 685 1545 9.
702 1515 799 1555 μεμέ-

137 1561 218 1587 ληκεν
232 1557 313 1598 αὐτῷ’
329 1557 388 1598 περὶ
403 1557 508 1587 τούτων
524 1559 656 1589 ἁπάντων
672 1558 800 1599 ἀκριβῶς.

139 1601 234 1634 1350,
251 1603 280 1630 2.

95 1642 236 1683 μελετᾷν]
259 1643 376 1682 λογάρια.
393 1642 515 1674 δύστηνα
534 1644 709 1683 μελετήσας.
725 1648 800 1680 421,

140 1685 190 1713 20.
214 1684 358 1725 ἐσκέφθαι
378 1686 427 1715 καὶ
441 1687 668 1725 μεμελετηκέναι
693 1689 728 1722 ὡς
748 1687 801 1717 ἐνῆν

137 1727 288 1764 μάλιστα,
311 1728 357 1758 οὐκ
380 1730 523 1768 ἀρνοῦμαι.
548 1732 621 1765 576,
638 1733 687 1761 18.
712 1736 801 1768 μελε-

137 1770 191 1808 τξῖν
217 1769 318 1805 εὐθέως
343 1772 392 1801 τῆν
413 1770 565 1809 ἀπολογίαν
591 1772 659 1812 ὑπὲρ
686 1772 800 1802 ἑαυτῶν.

139 1815 233 1848 11‘29,
261 1816 290 1844 9.
317 1813 364 1843 οὐκ
387 1813 441 1843 ἐπὶ
466 1817 520 1843 τῶν
545 1817 642 1854 καιρῶν
663 1816 799 1856 μελετᾷν,

137 1863 196 1884 non
211 1866 249 1885 ex
267 1861 403 1894 tempore
419 1857 572 1892 meditari,
583 1858 663 1887 nicht
679 1859 800 1888 alsdenn

137 1903 194 1927 erst
220 1897 281 1938 auf
305 1899 352 1928 die
378 1899 504 1940 Predigt
533 1902 691 1937 audieram,
718 1912 799 1931 wenu

137 1950 205 1970 man
220 1943 258 1971 sie
269 1941 367 1971 hulten
378 1942 430 1971 sol-l
444 1943 510 1982 [not
521 1948 549 1972 to
561 1943 590 1972 be
599 1943 800 1984 studyz‘ngfor

136 1993 155 2011 a
170 1984 324 2020 discum-se,
340 1984 422 2014 when
437 1987 459 2013 it
472 1986 496 2015 z's
508 1991 536 2014 to
551 1986 581 2015 be
592 1986 721 2025 spoken]
733 1986 801 2016 ἀλλ’

138 2025 320 2074 ἀγωνίζεσθαι
331 2029 425 2061 καλῶς
435 2026 631 2058 ἐπίστασθαι.
644 2032 800 2065 1414,12.

94 2067 167 2106 μελέ
170 2069 221 2109 en]
245 2070 424 2099 exercitatio
435 2071 634 2101 declamandi.
651 2074 725 2106 328,
739 2074 789 2103 15.

93 2109 229 2161 μελίνη]“
219 2112 286 2151 υπὲρ
297 2112 325 2142 δὲ
336 2115 390 2142 τῶν
397 2117 516 2152 μελινων
523 2126 569 2143 ναι
580 2118 634 2144 τῶν
642 2114 739 2154 ὂλυρων
747 2118 802 2145 τῶν

139 2152 165 2182 ἐν
178 2155 238 2188 τοῖς
253 2154 377 2194 Θρᾳκίοις
391 2157 485 2195 σιροῖς.
496 2160 569 2192 100,
587 2158 641 2187 ult.
659 2160 732 2194 135,
748 2161 800 2189 27.

94 2195 219 2246 Μελίτη]
237 2198 321 2227 loeus
337 2198 475 2229 Athenis.
494 2201 587 2235 1258,
606 2211 674 2238 pen.

95 2237 228 2280 μέλλειν]
256 2240 333 2279 ἡμῶν
354 2240 518 2280 μελλόντων
535 2254 581 2271 και
605 2243 801 2283 ῥᾳθυμούντων

139 2281 338 2322 περιγίγνεται.
365 2286 418 2319 24,
442 2286 493 2314 25.
522 2296 555 2314 το
576 2297 615 2324 με
608 2285 683 2315 ’λλον
706 2286 802 2317 ἄδηλον

137 2323 247 2354 ἱίπασιν
271 2325 435 2367 ἀνθρώποις.
460 2329 532 2362 196,
555 2330 606 2358 24.
631 2329 702 2357 item
726 2331 801 2365 506,

138 2367 246 2397 26.τό
263 2380 303 2407 με
306 2380 318 2397 ν
341 2368 449 2407 ἤμελλε
469 2373 524 2399 τῶν
547 2370 642 2405 δεινῶν,
663 2372 801 2401 immine-

138 2410 200 2446 bat,
216 2411 386 2450 ingruebat,
401 2424 434 2441 το
450 2411 473 2440 δ’
486 2413 534 2443 ἤδη
549 2416 644 2455 παρῆν.
661 2417 801 2450 292,15.

138 2453 171 2481 τὸ
183 2452 238 2492 μὲν
252 2466 300 2483 του
314 2453 471 2493 μέλλοντος
486 2455 608 2486 ’ἔσεσθαι
627 2456 720 2496 [adde
735 2458 801 2489 ἄδη-

138 2496 198 2536 λον]
221 2496 300 2526 κοινὸν
323 2498 432 2536 ἐμφοιν
453 2498 624 2549 ὑπαρχέτω.
652 2502 725 2535 638,
750 2503 802 2530 23

137 2540 178 2568 τὰ
194 2539 223 2569 δὲ
237 2541 362 2579 κεράμια
383 2540 437 2570 ουδ’
450 2540 615 2579 ἐμέλλησαν
629 2542 686 2572 οὐδὲ
707 2543 802 2574 διένοη-

138 2579 225 2611 θησαν
240 2581 374 2613 ενθέσθαι.
408 2586 590 2622 sperandum
608 2596 664 2614 non
679 2591 752 2622 erat,
769 2591 802 2616 ut

140 2624 234 2654 serias
249 2625 317 2654 inas
331 2626 395 2655 vini
418 2637 547 2666 unquam
569 2633 709 2658 curarent
731 2629 801 2658 navi

139 2666 357 2706 imponendas;
383 2670 474 2707 quid?
498 2672 579 2708 quod
606 2681 642 2701 ne
664 2671 694 2700 iu
720 2682 800 2701 meu-

140 2713 201 2737 tem
218 2710 338 2748 quidem
356 2712 416 2741 sibi
431 2713 536 2742 venne
553 2714 636 2753 passi
656 2719 751 2750 erant,
767 2720 801 2744 ut

140 2751 198 2780 hoc
214 2752 356 2782 facerent.
370 2756 442 2789 929,
459 2757 489 2784 8.

96 2792 292 2834 μέμφεσθαι]
314 2795 386 2825 ουδὲν
408 2796 460 2827 ἔδει
482 2809 551 2828 κοινη
571 2799 672 2833 ποιεῖν,
691 2796 726 2828 ὡν
748 2798 801 2828 ἰδία

139 2836 312 2876 μέμφεσθε.
328 2841 421 2873 1434,
436 2841 468 2869 3.
490 2840 557 2880 ἄχρι
571 2853 620 2870 του
642 2842 743 2871 δηλον
734 2854 801 2881 υμιν

140 2889 266 2913 ποιησαι,
276 2878 317 2909 ο’τι
332 2882 431 2910 πολλοὶ
442 2881 620 2922 μέμψονται.
637 2887 733 2918 1476,

98 2920 316 2962 μεμψιμοιρεῖ“
306 2935 317 2952 ο
330 2923 416 2962 δῆμος
430 2924 500 2954 ουδέν
511 2925 602 2964 αὐτῷ’.
615 2929 689 2962 249,
706 2928 758 2957 25.

98 2963 234 3005 μέμψις]
256 2968 304 2996 τὴν
333 2964 379 2995 ἐπ’
402 2966 485 2997 εὐνοία
510 2968 557 2997 καὶ
581 2967 663 3009 φιλία
682 2968 803 3009 μέμψιν

1458 168 1532 212 181

873 273 1044 314 ποιησαίμην
1058 274 1090 304 ἂν
1104 275 1182 314 ὑμῖν.
1198 278 1292 311 1483,
1306 279 1358 307 20.

829 315 884 358 μὲν
899 315 953 366 οὖν]
975 317 1036 347 imo
1053 327 1138 346 vero.
1158 318 1263 355 quidni
1281 319 1395 357 potius.
1417 323 1480 355 aut,
1502 324 1536 350 ut

875 360 989 389 rectius
1005 360 1114 389 dicam.
1130 358 1182 396 ὀψὲ
1192 359 1276 398 λέγω,
1288 360 1357 402 χθὲς
1368 361 1422 401 μὲν
1433 374 1473 392 ουν
1484 362 1534 392 καὶ

874 413 978 441 ωρῳην.
994 404 1069 438 270,
1086 405 1138 432 21.

829 444 934 485 μένειν]
950 456 1006 484 pro
1022 444 1199 484 παραμένειν,
1214 444 1244 473 in
1267 445 1324 474 fide
1339 450 1370 475 et
1386 447 1532 477 societate

873 498 972 517 rerum
988 498 1120 518 manere.
1137 489 1189 522 20,
1208 490 1258 517 24.
1287 486 1375 526 μένειν
1398 491 1451 528 γὰρ
1473 488 1534 527 ἐξῆν

873 531 916 569 ‘roso‘
930 541 1124 570 κατηγορουντι
1136 532 1189 559 τῶν
1199 529 1302 559 ἄλλων.
1313 532 1365 566 33,
1376 534 1425 560 10.
1449 543 1470 560 οι
1481 534 1534 561 τῶν

874 584 1062 613 «πραγματων
1074 573 1159 613 καιροὶ
1170 572 1198 602 οὗ
1212 584 1325 612 μενουσι
1337 575 1385 603 τὴν
1397 572 1536 612 ὑμετέραν

874 615 1048 656 βραδυτῆτα.
1073 618 1126 651 50,
1154 618 1204 647 26.
1242 616 1296 656 οὐχ
1323 613 1374 649 οιός
1394 614 1423 644 τ’
1447 614 1536 652 ἐστὶν,

873 657 945 698 ἔχων
960 658 979 688 ἃ
992 657 1227 697 κατέστραπται,
1242 658 1330 698 μένειν
1344 656 1400 688 {wi
1422 657 1536 688 τούτων.

875 704 931 736 42,
948 712 1014 740 pen.
1039 713 1087 732 την
1102 701 1214 741 δύναμιν
1236 700 1310 741 νόμῳ
1326 697 1537 731 κατακλείσετε

874 742 921 772 ἐπὶ
947 744 987 782 τῷ
1012 743 1131 783 πολέμῳ
1154 743 1253 795 μένειν.
1276 745 1398 779 49,17.
1422 742 1470 773 ἐπὶ
1497 743 1537 784 τῇ

873 786 1099 827 καταχειροτονίᾳ.
1123 785 1220 825 μένων.
1245 796 1366 816 manens
1391 786 1422 815 iu
1450 775 1537 821 urbe,

875 830 972 867 quoad
989 829 1027 858 lis
1044 830 1200 869 penderet,
1215 830 1263 859 vel
1281 829 1376 858 donec
1391 829 1536 858 adversa·

874 872 938 902 rius
962 873 1222 902 condemnaretur.
1246 874 1323 907 572,
1338 875 1366 901 1.
1391 870 1449 901 οὐδὲ
1472 871 1538 904 τοὺς

873 913 1007 953 μένοντας
1022 913 1116 954 ἐξελῶ.
1131 917 1207 951 746,
1223 916 1275 945 26.
1299 914 1350 943 ubi
1369 914 1393 943 οἱ
1409 912 1536 953 μένοντες

874 957 905 986 in
922 959 995 987 urbe
1012 962 1177 994 manentes,
1192 961 1423 992 commorantes,
1438 967 1537 996 oppo-

875 1005 988 1030 nuntur
1014 1001 1073 1035 τοῖς
1099 1000 1254 1040 φεύγουσιν,
1280 999 1448 1029 exsulibus.
1481 1003 1536 1029 τῶν

875 1046 1006 1081 γυναικῶν
1027 1042 1090 1073 δ’σαι
1113 1042 1238 1082 μένουσιν
1261 1042 1286 1072 ἐν
1307 1043 1365 1076 τοῖς
1384 1041 1464 1076 οἴκοις
1482 1045 1544 1072 τῶν

876 1087 971 1126 ἀνδρῶν
985 1086 1158 1121 τεθνεώτων,
1173 1087 1334 1124 φασκουσαι
1349 1084 1428 1114 κύειν.
1441 1087 1537 1120 1076,

878 1130 927 1159 16.
951 1128 1082 1169 ἐμένομεν
1103 1127 1152 1158 ἔπι
1176 1131 1229 1157 τῶν
1249 1128 1349 1157 αυτῶν.
1370 1130 1534 1163 1078,11.

875 1170 964 1211 μένων
992 1171 1046 1201 ἐπεὶ
1076 1183 1134 1205 τοις
1164 1168 1223 1201 οὖσι
1258 1171 1378 1208 γονεῦσιν
1408 1169 1538 1210 ἐμαυτῳ.

878 1217 972 1250 1314,
985 1225 1056 1253 pen.

833 1256 965 1298 μερίζειν]
993 1256 1018 1286 ἐν
1039 1256 1077 1298 τῇ
1097 1256 1174 1298 ἄρχῃ
1192 1257 1231 1296 τῇ
1245 1256 1340 1286 ἐκείνου
1353 1254 1538 1296 μεμερισμέ-

876 1302 1055 1335 νους.192,1.
1072 1300 1122 1329 ubi
1133 1299 1226 1340 μερίζ.
1239 1304 1285 1328 est
1297 1299 1424 1335 censeri,
1434 1309 1538 1328 nume-

877 1343 948 1377 rari,
971 1342 1075 1372 haberi
1102 1342 1130 1371 in
1157 1349 1243 1381 parte
1266 1342 1446 1381 populorum
1474 1352 1538 1371 ser·

878 1386 1034 1415 vientium.
1061 1385 1103 1414 δεῖ
1125 1385 1209 1415 τοίνυν
1225 1382 1406 1425 μεμερίσθαι
1428 1383 1475 1413 καὶ
1497 1385 1538 1413 τὰ

875 1431 929 1457 τῶν
950 1429 1055 1468 δωρεῶν.
1070 1429 1145 1463 494,
1160 1430 1190 1458 5.
1213 1429 1396 1468 μερισάμενοι
1417 1426 1449 1456 τὸ
1472 1425 1540 1467 ἐμὸν

875 1471 972 1512 χωρίον
999 1473 1082 1523 μεταΊ
1104 1469 1251 1511 Φορμίωνος
1276 1470 1385 1500 τούτου.
1414 1472 1540 1506 913,1.

878 1513 978 1544 ἐπειδὴ
995 1513 1021 1544 δὲ
1037 1513 1140 1553 τοῖμόν
1161 1513 1272 1555 χρυσίον
1286 1512 1448 1553 ἐμερίσατο.
1464 1515 1539 1548 917,

879 1559 929 1586 19.
963 1557 1061 1609 ἦρόμην
1081 1555 1174 1592 αὐτον,
1203 1556 1306 1595 πότερα
1331 1554 1540 1595 μεμερισμένος

878 1600 915 1630 εἰἠ
930 1600 998 1640 ’ω’ρέ,
976 1612 1001 1624 r
1021 1600 1067 1629 τὸν
1087 1598 1240 1638 ἀδελφὸν,
1229 1612 1243 1629 η
1259 1609 1326 1629 κοινη
1340 1598 1418 1628 οὐσία
1436 1598 1473 1628 ε’ίη
1489 1598 1540 1627 αὖ·

878 1644 946 1676 τοῖς.
972 1645 1066 1678 1149,
1082 1645 1133 1673 120.
1156 1640 1275 1682 μερίζειν
1289 1653 1351 1675 τους
1366 1640 1460 1674 τόκους
1475 1640 1540 1679 πρὸς

878 1686 924 1716 τὸν
936 1687 1040 1715 πιλοῦν.
1063 1686 1086 1714 si
1101 1685 1257 1714 dimidiam
1272 1684 1460 1714 solummodo
1471 1693 1541 1721 par-

879 1734 937 1758 tem
949 1728 1067 1758 itineris
1078 1726 1407 1767 peregeris‚di1nidiam
1420 1736 1540 1765 quoque

877 1772 1000 1801 soenoris
1010 1771 1192 1810 dependere.
1205 1771 1301 1805 1297,
1317 1772 1368 1800 20.

832 1814 970 1854 μεριμνξίν
984 1826 1023 1844 τα
1037 1813 1130 1843 δίκαια
1144 1811 1244 1851 λέγειν.
1259 1814 1333 1847 576,
1350 1814 1401 1842 24.

832 1867 894 1897 μερι
887 1857 925 1898 .ς]
939 1858 989 1890 τῆς
1001 1854 1203 1896 ’ωοίαςμερίδος
1213 1854 1340 1888 ἐβούλετ’
1355 1856 1387 1886 ἃν
1398 1856 1446 1886 την
1462 1854 1542 1885 πόλιν

875 1899 1009 1938 γενεσθαι.
1027 1902 1100 1934 246,
1120 1902 1169 1928 10.
1192 1900 1226 1932 ὡς
1247 1899 1272 1928 ἐν
1295 1912 1330 1928 τη
1355 1901 1409 1928 τῶν
1431 1897 1541 1939 ἐχθρῶν

877 1955 935 1973 ουσι
959 1941 1058 1983 μερίδι.
1075 1944 1148 1977 286,
1163 1945 1214 1972 27.
1237 1941 1374 1982 μερίδα’
1353 1953 1373 1971 ει
1378 1953 1390 1975 ς
1405 1940 1542 1981 σωτηρίαν

877 1986 1021 2026 ὑπάρχειν.
1031 1988 1104 2020 537,
1116 1988 1144 2015 8.
1165 1995 1245 2024 μερις
1256 1985 1371 2023 μεγάλη
1385 1983 1467 2023 [scii.
1475 1984 1543 2035 προς

877 2027 1042 2081 σωτηρίαν]
1057 2031 1115 2062 τοῖς
1139 2028 1262 2057 ἀδικουσι
1286 2027 1334 2056 καὶ
1358 2024 1501 2065 πλεονεξία
1526 2028 1540 2057 ἦ

877 2074 932 2100 τῶν
954 2070 1091 2111 ὑμετέρων
1116 2070 1224 2111 τρόπων
1246 2069 1384 2110 πρᾳότης.
1409 2072 1484 2104 574,
1507 2072 1539 2099 8

877 2114 940 2154 μερὶ
933 2126 966 2147 .ς,
984 2114 1103 2143 Antheil
1124 2113 1156 2153 [α
1170 2113 1280 2152 ε]ιαιε],
1297 2113 1326 2142 iu
1343 2112 1541 2141 metallifodi-

880 2157 934 2185 nis.
954 2159 1049 2193 1039,
1066 2159 1118 2187 22
1134 2159 1182 2187 τῆν
1194 2154 1295 2195 μερίδα
1305 2157 1359 2184 τῶν
1372 2157 1450 2195 κρεῶν
1465 2153 1540 2196 ᾤχε-

878 2211 911 2228 το
926 2199 1020 2232 λαβὼν
1043 2202 1121 2239 παρὰ.
1145 2201 1194 2228 τοῦ
1219 2198 1327 2234 παιδος,
1345 2198 1440 2238 ὥσπερ
1453 2198 1501 2227 καὶ
1517 2210 1539 2227 οι

877 2243 958 2272 ἄλλοι
975 2243 1114 2295 φράτορες.
1126 2244 1221 2276 1078,
1233 2243 1285 2272 23.

834 2285 964 2325 μερίτης]
991 2283 1110 2325 μερίτας
1122 2297 1173 2319 της
1188 2282 1322 2324 ωφελείοις
1344 2294 1457 2313 ποιησαι
1478 2282 1542 2312 τού·

878 2340 951 2361 τους.
967 2330 1042 2363 889,
1059 2330 1090 2357 7.

835 2369 931 2411 μέρος]
948 2381 1027 2409 pars,
1043 2371 1202 2409 pattioula.
1224 2367 1447 2401 Πελοποννησίοις
1462 2366 1540 2397 ἄπα-

879 2425 909 2442 σι
919 2415 1006 2443 -τά
1017 2413 1060 2443 δύο
1069 2411 1139 2452 μέρη
1155 2415 1206 2445 της
1217 2413 1406 2451 στρατιᾶς-
1417 2410 1542 2448 πέμπειν

881 2455 1078 2495 ἐπιτάξαντες.
1097 2458 1190 2490 1379,
1210 2457 1259 2485 19.
1282 2466 1325 2482 οτι
1340 2454 1449 2486 τούτοις
1463 2451 1542 2482 ἔστιν

880 2498 936 2528 ἀπὸ
952 2502 1006 2528 τῶν
1018 2499 1185 2539 λημμάτων
1200 2510 1232 2526 το
1243 2508 1324 2537 μέρος
1334 2495 1431 2525 δοτέον.
1446 2498 1540 2531 1342,

881 2545 932 2573 13.
957 2543 1058 2581 portio
1081 2547 1156 2575 rata,
1172 2546 1358 2579 competens.
1378 2542 1432 2568 τῶν
1453 2541 1541 2568 κοινῶν

878 2584 999 2619 ἕκαστος
1012 2584 1045 2614 τὸ
1057 2583 1139 2624 μέρος
1155 2583 1299 2624 [subaudi
1313 2582 1346 2610 τὸ
1356 2581 1436 2619 αὐτῳ
1449 2592 1543 2621 mpor-

878 2628 951 2668 ηκον]
980 2627 1145 2667 λαμβάνων.
1161 2629 1213 2661 38,
1231 2630 1260 2656 4.
1296 2624 1353 2653 οὐδὲ
1377 2623 1486 2658 ταύτης
1508 2625 1543 2653 ἇ-

877 2670 934 2709 ξιοῖ
953 2669 1168 2710 συμβαλέσθαι
1195 2668 1227 2697 τὸ
1251 2667 1344 2707 μέρος.
1371 2668 1539 2701 1031,15.

877 2716 933 2743 τῶν
948 2713 975 2743 δε
989 2726 1029 2743 τα
1051 2711 1120 2751 μέρη
1138 2710 1298 2751 κομίζεται.
1318 2712 1476 2744 1031,16.
1500 2710 1540 2739 δι’

878 2756 947 2785 δόναι
963 2767 1026 2796 προς
1045 2754 1128 2794 μέρος
1147 2765 1213 2795 ημιν
1236 2754 1298 2785 τοὺς
1320 2752 1478 2791 ὀφείλοντας
1498 2754 1540 2783 τοὶ

879 2798 961 2829 σκεύη
976 2797 1138 2837 εἰσπρᾶξαι.
1155 2801 1187 2825 ut
1196 2796 1392 2826 attribuerent
1402 2801 1538 2829 nostrum

878 2842 988 2880 cuique
1004 2845 1115 2870 certam
1132 2843 1163 2868 et
1180 2842 1402 2878 competentem
1423 2839 1540 2878 portio—

878 2895 946 2913 nem
973 2893 1088 2918 eorum,
1111 2882 1164 2921 qui
1186 2882 1263 2920 reip.
1285 2885 1470 2911 armamenta
1489 2891 1541 2910 na-

879 2926 958 2956 valia
972 2927 1129 2960 deberent,
1140 2929 1171 2954 nt
1180 2925 1392 2961 attribuerent,
1405 2930 1438 2953 ut
1453 2935 1490 2954 ea
1501 2925 1539 2953 ab

880 2969 928 2999 his
951 2969 1139 3000 debitoribus
1155 2967 1358 3008 exigeremus.
1377 2969 1470 3002 1145,
1486 2969 1537 2997 19.
