1910 3187
641 151 1131 197 DEMOSTHENEAE.
1554 151 1609 192 35

194 262 269 302 (sed
283 262 345 292 vid.
361 260 520 292 articulum
534 260 707 302 proximum
727 259 774 300 d).
790 260 864 294 605,

188 307 245 335 ⁷16.
270 304 316 334 οὐκ
326 303 439 343 α’πέγνω
451 304 597 346 (subaudi
609 302 706 342 αὐτὸν)
716 304 767 336 τῆς
781 302 865 335 δίκης.

193 357 279 378 reum
298 358 315 376 a
331 358 423 378 causa
436 348 603 381 absolvere,
616 345 782 376 secundum
796 355 864 375 eum

193 390 277 421 litem
294 391 369 420 dare
386 391 466 421 haud
482 389 634 420 sustinuit.
656 390 729 423 913,
756 390 808 418 22.
833 392 864 417 et

193 434 246 464 25.
278 436 352 469 920,
382 436 432 465 15.
470 431 505 472 d)
532 430 706 470 repudiare,
733 431 863 469 rejicere

194 486 327 512 causam,
354 481 388 506 ut
410 475 612 514 illegitimam,
633 477 664 502 et
681 473 861 511 improbam,

194 523 247 548 aut
262 530 279 548 a
295 520 363 548 soro
387 528 441 548 suo
465 517 600 546 alienam.
620 517 693 551 913,
711 517 761 545 25.
788 518 862 551 920,

194 564 247 591 20.
270 563 317 592 τὴν
331 560 433 598 ἔνδειξιν
446 559 663 597 ἀπογινώσκειν.
676 560 771 594 1327,
789 561 818 588 8.

150 604 335 644 ἀπογράφειν]
358 607 389 632 et
410 603 442 632 in
463 602 562 632 medio
584 602 708 641 pariter,
739 603 862 641 ἀπογξά-

193 645 306 686 ‹psa-0:21,
321 645 452 683 indicem
475 649 527 673 aut
549 645 756 680 conscribere,
772 650 824 674 aut
845 655 862 674 a

197 699 231 719 se
252 688 458 725 couscriptum
485 686 620 716 actuario
647 687 774 726 publico
802 692 862 716 tra-

192 732 266 761 dere
276 730 307 760 in
323 730 440 759 tabulas
454 729 607 769 publicas,
618 729 721 759 aerarii
736 729 860 769 potissi·

191 783 283 808 mum,
295 773 498 808 referendum,
512 783 615 802 eorum
628 773 783 809 bonorum,
795 783 863 811 quae

189 816 257 854 quis
273 816 310 845 ab
326 816 397 852 atio,
411 826 464 845 seu
477 826 531 845 suo
546 815 680 855 privam,
694 825 748 845 seu
761 816 862 854 publi-

190 869 228 888 ce
242 858 362 888 nomine
376 859 466 898 petit,
484 863 519 888 ut
533 863 585 888 aut
599 858 669 894 sibi,
685 863 742 888 aut.
756 859 861 888 aerario

191 901 306 937 debita,
325 901 390 931 sive
414 912 430 930 e
453 902 567 931 mulcta
590 911 608 930 a
624 900 784 940 judicibus
799 901 860 940 ipsi

188 944 333 983 irrogata,
343 954 441 984 neque
453 944 560 979 diluta,
577 944 643 974 sive
659 943 750 973 titulo
766 954 861 983 pecu-

190 986 279 1017 latus.
296 986 376 1025 ἀφεῖς
389 986 422 1016 ’τὸ
438 989 476 1016 τὰ
492 987 582 1027 χωρία
599 985 724 1025 δημεύειν
739 987 789 1016 καὶ
807 990 862 1021 τὰς

188 1027 286 1064 οἰκίας,
301 1030 348 1059 καὶ
363 1029 451 1060 ταῦτ’
466 1030 648 1068 ἀπογράφειν.
663 1032 737 1064 609,
754 1034 862 1068 peu.et

187 1074 264 1108 ¹752,
276 1075 307 1102 ¹7.
325 1071 516 1112 ἀπεγράψατο
529 1073 626 1101 ταῦτα.
642 1070 706 1112 πρὸς
722 1071 860 1113 Θηριππί-

189 1116 233 1146 δην
245 1114 349 1157 ἔχοντα
362 1114 467 1144 ἑαυτόν.
480 1115 534 1144 itta
547 1125 580 1144 se
589 1115 704 1144 habere
716 1120 806 1154 atque
816 1120 861 1145 te-

191 1168 264 1187 nere
293 1158 466 1188 declarabat
489 1157 673 1192 testimonio,
701 1168 761 1196 quo
787 1168 861 1196 erga

189 1200 417 1241 Therippidem,
440 1200 508 1241 (qui
532 1200 564 1229 id
588 1201 810 1239 postulaverat,
829 1206 861 1230 et

191 1253 251 1282 quo
267 1243 293 1272 is
309 1244 385 1273 illud
403 1242 608 1273 testimonium
630 1253 724 1280 penes
748 1253 780 1272 se
798 1252 861 1272 ser-

189 1286 293 1326 varet)
302 1286 451 1315 fatebatur
461 1286 520 1314 ista
533 1286 612 1314 bona
624 1295 720 1324 penes
732 1296 764 1315 se
779 1296 859 1321 esse,

187 1328 280 1367 idque
291 1328 497 1358 testimonium
508 1328 635 1358 curabat
645 1339 661 1358 a
671 1328 771 1357 scriba
784 1330 860 1367 pub-

188 1370 248 1401 lico
263 1371 302 1401 ad
317 1376 385 1401 acta
396 1372 511 1401 referri.
525 1373 599 1406 817,
611 1381 682 1410 pen.
698 1375 728 1401 et
743 1371 772 1400 in
786 1371 861 1401 acti-

187 1425 237 1444 vo.
251 1412 334 1448 αὐτός
347 1413 446 1443 ἑαυτὸν
461 1413 535 1454 ἔχειν
551 1415 600 1444 ’τῆν
616 1415 718 1453 πξοῖκα
733 1415 859 1454 ἀπογξά-

188 1455 249 1493 ψας
263 1456 329 1497 πρὸς
339 1459 402 1490 τοὺς
413 1456 646 1495 συνεπιτρόπους.
659 1459 733 1492 818,
746 1459 796 1486 19.
812 1459 860 1488 τὴν

189 1501 291 1540 προῖκα
306 1499 404 1533 λαβεῖν
419 1500 636 1539 ὁμολογήσαντα
652 1499 698 1528 καὶ
714 1499 789 1541 ἔχειν
809 1501 859 1530 αὒ-

187 1541 235 1571 τόν
259 1541 325 1583 πςός
349 1544 413 1577 τοὺς
442 1541 607 1582 ἐπιτρόπους
634 1542 858 1583 ἀπογράψαντα.

188 1587 265 1620 828,
290 1587 342 1616 15.
367 1586 488 1616 videtur
509 1586 568 1615 hoc
590 1585 751 1615 discrimen
767 1586 859 1616 inter—

188 1638 268 1663 esse,
283 1628 360 1657 utin
376 1628 478 1658 activo
490 1639 558 1658 cum
574 1629 643 1667 quis
659 1628 771 1658 dicitur
787 1631 858 1658 ἀπο-

187 1669 308 1711 γράψαι,
325 1672 511 1708 significetur
526 1672 594 1710 ipse
609 1681 664 1700 sua
680 1682 767 1701 manu
782 1672 859 1701 scri-

189 1714 301 1752 psisse,
325 1724 394 1743 cum
415 1714 446 1743 in
470 1714 585 1749 medio,
602 1714 803 1752 significetur,
825 1714 856 1744 id

190 1766 258 1786 eum
282 1757 345 1786 fleri
368 1767 492 1786 curasse
515 1767 571 1795 per
592 1757 785 1787 tabularium.
802 1758 813 1786 ὅ
830 1757 858 1787 δὲ

188 1798 236 1828 καὶ
245 1798 463 1838 προσοφείλοντα
469 1810 509 1838 με
517 1797 677 1839 ἀπέγραψε.
685 1799 715 1829 in
725 1800 858 1829 rationes

188 1847 284 1880 gestae
300 1853 318 1871 a
333 1853 366 1871 se
382 1842 486 1872 tutelae
507 1842 567 1872 mei
586 1852 783 1881 meorumque
801 1843 857 1872 bo-

186 1894 293 1914 norum
309 1885 414 1914 retulit
429 1895 536 1914 nomen
551 1895 664 1920 meum,
680 1890 714 1914 ut
730 1885 788 1914 sibi
804 1885 856 1914 de-

187 1928 298 1957 bentis.
315 1930 389 1962 832,
407 1930 457 1957 14.
480 1929 530 1961 τῆς
544 1925 639 1961 οὐσίας
649 1926 859 1967 ἀπογςαφείτης

186 1969 236 1999 καὶ
264 1970 461 2010 δημευθείσης.
487 1980 554 1999 cum
586 1970 685 2000 scriba
714 1971 858 2009 publicus

187 2012 321 2043 iudicem
338 2015 483 2042 bonorum
504 2012 571 2053 ejus
591 2012 775 2043 confecisset
794 2014 856 2054 (in—

186 2057 309 2086 ventii-et
334 2056 433 2096 [made
452 2066 491 2085 an
514 2055 700 2096 inventoryD
721 2060 810 2095 atque
827 2056 858 2085 in

189 2099 307 2128 tabulas
322 2099 493 2133 retulisset,
505 2108 602 2137 eoque
616 2099 695 2128 facto
711 2099 765 2128 illa
780 2100 858 2129 bona

188 2141 365 2176 confiscata,
385 2146 416 2173 et
436 2142 475 2170 ad
497 2141 663 2176 sectionem
685 2142 858 2181 proscripta

192 2183 331 2213 fuissent.
364 2186 459 2218 1015,
488 2186 518 2214 9.
550 2182 764 2224 ἀπεγραψάμην
794 2184 859 2225 πρὸς

192 2227 257 2259 τοὺς
279 2227 454 2266 στρατηγοὺς
483 2226 589 2256 ταύτην
613 2229 663 2257 τὴν
684 2223 859 2267 ἀπογραφήν.

189 2268 316 2297 exhibui
333 2268 494 2307 StrategiS‚
505 2274 556 2298 aut
571 2279 675 2298 eorum
689 2270 859 2306 tabellario,

189 2311 229 2340 ad
257 2311 374 2340 tabulas
399 2311 589 2340 referendum
616 2311 749 2341 indicem
778 2313 858 2341 bunc

189 2354 346 2389 bonorum,
364 2364 490 2392 quorum
507 2355 701 2392 possessione
719 2355 860 2394 Phaeuip·

189 2407 247 2435 pus
280 2407 328 2426 me
357 2407 413 2435 per
440 2396 603 2426 ludibrium
635 2398 794 2426 exclusum
824 2398 858 2426 it.

191 2442 287 2475 1043,
307 2449 377 2478 pen.
395 2441 478 2468 τοῦτο
499 2438 531 2468 τὸ
551 2438 653 2479 ὄχημα
675 2438 858 2480 ἀπογέγζαφέ

189 2493 251 2520 μοι.
268 2482 298 2511 in
314 2482 416 2512 indice
432 2483 577 2511 bonorum
595 2493 612 2511 a
627 2493 660 2512 se
675 2483 746 2512 mihi
763 2483 859 2512 tradi-

191 2531 289 2554 torum
305 2525 394 2555 etiam
412 2524 596 2560 vehiculum,
612 2525 661 2554 vet
683 2525 857 2554 carrucham

192 2568 370 2603 nominavit,
389 2568 477 2606 quasi
492 2577 632 2607 maguum
646 2571 677 2597 et
692 2570 799 2598 summi
815 2568 860 2596 fa-

192 2610 330 2639 ciendum
358 2611 468 2640 bonum
498 2610 543 2639 sic
570 2609 643 2639 mihi
668 2610 859 2640 tradidisset.

193 2654 286 2687 1046,
301 2656 350 2683 14.
374 2653 421 2682 οὐκ
435 2653 591 2692 ἀπογράφει
606 2655 655 2683 τὴν
669 2654 770 2694 προῖκα
781 2652 860 2694 χρέος

193 2694 278 2734 αὐτῇ.
290 2694 320 2723 in
337 2695 437 2724 indice
455 2697 601 2724 bonorum
622 2706 639 2724 a
655 2706 689 2725 se
710 2697 784 2725 mihi
801 2701 860 2725 tra-

191 2737 324 2765 ditorum
344 2748 403 2767 non
422 2738 785 2768 commemoravitdotem
798 2749 860 2768 ma-

192 2778 259 2814 tris,
283 2783 316 2808 ut
332 2780 430 2809 adhuc
450 2790 467 2809 a
486 2790 518 2810 se
536 2780 622 2810 matri
639 2781 783 2816 debitam,
805 2792 861 2819 pro

193 2832 250 2860 qua
265 2831 335 2860 pars
349 2823 493 2851 bonorum
508 2822 535 2851 ei
555 2828 634 2852 esset
649 2823 859 2862 oppignerata.

193 2866 288 2898 1047,
313 2867 362 2893 11.
395 2862 431 2897 οἷς
452 2862 528 2897 οὗτος
549 2864 743 2906 ἀπογέγραφεν
767 2865 863 2895 ἑαυτὸν

193 2905 348 2945 ὀφείλοντα.
370 2909 463 2942 1048,
488 2909 517 2936 5.
547 2909 745 2948 ἀπογράφεται
766 2910 863 2938 ’τοῦτον

193 2949 230 2990 τῇ
244 2950 433 2990 διαμαςτυξίᾳ.
447 2948 510 2989 πρὸς
525 2951 567 2989 τῷ
581 2950 696 2991 ἄςχοντι
713 2953 748 2985 ὡς
763 2950 814 2982 υἱὸν
825 2951 862 2980 ὅν-

941 255 1029 285 τα.ἰη
1042 256 1250 294 diamartyria,
1261 266 1315 286 seu
1328 256 1545 296 protestatione
1557 264 1609 284 sua

943 298 1132 338 exceptoria,
1162 299 1243 337 apud
1265 299 1450 329 Archontem
1473 297 1613 328 exhibita

942 342 1035 371 fitium
1060 352 1146 371 suum
1165 341 1344 380 appellavit,
1368 352 1420 371 seu
1441 340 1577 372 annotari
1593 350 1611 369 a

942 385 1043 414 scriba
1059 384 1180 414 curavit
1194 384 1287 413 filium
1305 394 1391 413 snum
1408 395 1465 422 pro
1481 384 1610 413 fitioAr-

941 427 1070 457 chiadis.
1093 428 1189 462 1093,
1214 429 1243 456 2.
1265 426 1323 456 οὐδὲ
1344 424 1517 456 διαδικασίαν
1537 427 1611 456 ἀπε-

940 467 1074 510 γράψατο
1081 468 1155 510 ‘zv-369
1163 468 1263 498 οὐδένα.
1272 470 1399 499 neminis
1409 480 1516 499 nomen
1524 479 1610 499 cura-

942 514 993 543 bat
1011 514 1047 542 ab
1064 512 1201 542 actuario
1216 513 1254 542 ad
1270 517 1337 542 acta
1351 512 1470 547 referri,
1485 519 1517 541 ut
1533 514 1611 550 ejus,

940 560 1045 585 contra
1057 566 1145 595 quem
1159 566 1190 585 se
1202 555 1396 594 profiteretur
1407 555 1436 584 in
1448 557 1517 593 jure
1526 559 1610 584 actu·

941 609 1017 628 rum.
1043 609 1074 628 er
1100 599 1173 639 legte
1198 597 1279 628 keine
1303 597 1521 627 Denuntiation
1544 598 1611 626 oder

942 640 1040 681 Klage
1058 642 1116 677 ein,
1139 641 1183 670 als
1201 641 1292 670 wider
1304 641 1399 676 einen,
1415 642 1467 670 der
1485 639 1546 670 ihm
1561 640 1612 669 das

940 684 1100 723 Schuldige
1115 683 1313 714 vorenthalten
1330 683 1409 713 hatte
1425 683 1476 724 [he
1490 683 1541 712 did
1562 689 1611 712 not

938 728 1004 767 give
1019 727 1051 756 in
1067 726 1110 756 his
1130 728 1338 756 denunciation
1358 737 1392 756 or
1410 727 1504 756 notice
1518 724 1612 766 (ψασ-

939 771 1011 804 tion,
1037 779 1068 799 as
1096 769 1127 810 {f
1153 769 1270 809 against
1297 769 1445 809 somebody
1470 768 1532 798 who
1557 778 1613 798 was

938 811 1132 853 withholding
1142 812 1221 842 what
1230 822 1287 841 was
1298 811 1342 842 his
1352 811 1437 852 dueJ.
1454 816 1466 840 1
1474 814 1545 847 147,
1560 814 1611 841 19.

941 857 1035 891 1148,
1055 857 1105 884 17.
1128 861 1158 885 et
1181 858 1233 885 24.
1259 854 1424 894 ὑπόμνημα
1439 854 1467 884 δὲ
1485 855 1610 894 ἀπεγρά-

939 896 1028 934 ψατο.
1041 898 1203 928 mandabat
1217 898 1405 927 numularios
1426 903 1609 927 commenta-

939 941 1042 975 riensi,
1066 945 1099 970 ut
1120 942 1156 971 ad
1181 951 1290 970 nomen
1306 940 1455 970 debitoris
1479 945 1509 970 et
1529 950 1608 970 sum-

939 993 1018 1012 mam
1031 984 1176 1014 creditam
1194 983 1383 1013 adscriberet
1398 984 1473 1012 hanc
1486 988 1608 1013 annota-

939 1027 1062 1061 tionem,
1079 1027 1174 1056 veluti
1197 1027 1345 1065 quandam
1363 1026 1608 1066 appendiculam.

939 1071 1034 1105 1193,
1061 1071 1091 1099 3.
1116 1071 1157 1099 ’τὰ
1177 1068 1237 1109 τρία
1262 1069 1344 1109 μέρη,
1368 1070 1517 1098 bonorum
1542 1069 1609 1098 scil.

938 1112 1171 1151 publicatorum,
1193 1112 1212 1140 ἃ
1233 1110 1264 1141 ἔκ
1281 1115 1335 1141 τῶν
1349 1112 1437 1151 νόμων
1458 1112 1500 1150 τῷ
1517 1112 1610 1152 ἰδιώτῃ

937 1154 980 1193 τῷ
999 1153 1200 1193 ἀπογράψαντι
1215 1154 1353 1192 γίγνεται,
1373 1153 1489 1194 ἀφίημι.
1515 1157 1608 1189 1247,

939 1199 971 1226 2.
995 1200 1033 1227 τὰ
1054 1197 1158 1227 τούτων
1172 1198 1254 1230 εἴτις
1268 1196 1444 1236 ἀπὲγςαψεν,
1460 1196 1610 1236 &facturo-Cn-

937 1241 1005 1270 τεῒν.
1022 1242 1117 1275 1255,
1132 1242 1181 1269 12.
1215 1240 1484 1280 1))ἱιπογράφεσθαι
1500 1240 1529 1269 in
1541 1250 1611 1279 pas-

938 1283 1016 1317 sivo,
1033 1283 1169 1321 expungi
1185 1293 1201 1311 e
1213 1282 1337 1317 tabulis,
1353 1287 1386 1311 ut
1402 1283 1434 1311 fit
1447 1283 1551 1312 debito
1564 1283 1610 1312 di-

937 1325 1012 1355 luto.
1023 1328 1063 1355 τὰ
1077 1324 1133 1365 μὲν
1145 1325 1188 1354 δύο
1199 1324 1224 1354 ἐν
1234 1325 1388 1367 ἀπογραφῇ
1402 1324 1564 1361 πεποίηται,
1578 1326 1610 1355 τὸ

937 1368 966 1398 δὲ
987 1367 1014 1399 ἒν
1027 1369 1075 1398 οὐκ
1090 1367 1322 1408 ἀπογέγραπται.
1339 1369 1401 1397 duo
1418 1368 1539 1407 quidem
1557 1379 1610 1397 no-

937 1411 1018 1441 mina
1033 1411 1134 1446 diluit,
1143 1421 1233 1440 unum
1246 1416 1344 1441 autem
1358 1416 1390 1441 ut
1402 1421 1419 1440 e
1431 1411 1543 1440 tabulis
1555 1422 1611 1441 ex-

938 1460 1138 1494 pungeretur‚
1153 1454 1283 1483 nondum
1296 1464 1418 1493 operam
1428 1454 1524 1484 dedit.
1534 1456 1593 1485 791
1602 1478 1610 1489 ,

939 1498 990 1528 25.
1015 1497 1049 1536 c)
1057 1497 1248 1535 proscribere
1260 1497 1297 1526 ad
1307 1497 1434 1526 hastam.
1447 1495 1612 1537 ἐγγεγραμ-

938 1539 1021 1577 μένου
1043 1540 1070 1570 δὲ
1093 1540 1135 1578 τῷ
1156 1537 1292 1579 δημοσίῳ,
1316 1540 1456 1578 quoniam
1472 1550 1559 1575 vero,
1577 1546 1611 1570 ut

938 1583 1076 1618 aerarius,
1097 1583 1209 1612 tabulis
1231 1583 1330 1612 aerarii
1350 1583 1515 1622 inscriptus
1532 1589 1609 1618 erat,

935 1625 1188 1665 ἀπογξαφῆσεσθαι
1204 1624 1324 1664 ἔμελλεν
1342 1627 1356 1656 ἦ
1379 1626 1550 1666 ὑπάρχουσα
1564 1626 1611 1656 οὐ·

934 1668 1196 1708 σίαἈπολλοδώςῳ
1220 1666 1342 1708 δημοσία.
1370 1668 1448 1703 εῖναι,
1474 1669 1607 1698 futurum

935 1716 1010 1746 erat,
1026 1716 1060 1741 ut
1076 1711 1246 1741 substantia
1267 1711 1448 1749 Apollodori
1472 1712 1606 1749 proscri-

936 1756 1070 1788 beretur,
1086 1754 1160 1783 fisco
1181 1754 1367 1790 adjudicata,
1393 1754 1527 1783 sectione
1544 1755 1605 1784 dis-

934 1797 1090 1826 trahenda.
1102 1798 1197 1831 1347,
1209 1798 1261 1825 20.
1298 1796 1335 1835 d)
1347 1796 1544 1831 denunciare,
1554 1808 1606 1827 no-

933 1849 1000 1869 men
1017 1838 1156 1878 alicujus,
1173 1845 1205 1868 ut
1227 1838 1284 1873 rei,
1301 1839 1421 1868 deferre
1442 1840 1523 1877 apud
1546 1851 1606 1870 ma-

935 1883 1105 1921 gistratum,
1122 1882 1274 1911 incusare.
1288 1880 1478 1922 ἀπογραφέτω
1493 1881 1539 1911 τᾶν
1564 1885 1607 1922 μὶ»

934 1926 1064 1955 ’ποιοῦντα
1099 1926 1183 1954 τοῦτο
1212 1924 1224 1953 ὁ
1261 1923 1425 1965 βουλόμενος
1463 1924 1528 1964 πρὸς
1564 1925 1609 1955 τὸν

933 1968 1069 2009 ἄρχοντα.
1082 1970 1178 2003 1068,
1194 1971 1245 1997 11.

891 2011 1056 2051 ἀπογραφὴ]
1072 2011 1163 2040 index
1179 2011 1360 2049 quicunque,
1379 2010 1547 2050 praesertim
1572 2011 1605 2050 a)

935 2054 1116 2083 tabularium
1139 2053 1370 2092 publicanorum
1392 2054 1422 2083 in
1442 2054 1605 2092 portubus,

934 2097 987 2126 ubi
1004 2107 1120 2126 merces
1131 2097 1263 2126 invectae
1276 2100 1308 2125 et
1322 2101 1448 2131 evectae,
1460 2096 1605 2125 intrantes

934 2144 965 2169 et
982 2145 1142 2175 exeuntes,
1159 2150 1227 2169 cum
1249 2139 1422 2168 nominibus
1441 2139 1606 2178 importan-

935 2183 1008 2212 tium
1030 2187 1060 2212 et
1078 2182 1315 2221 exportantium,
1338 2186 1369 2210 et
1390 2192 1459 2220 quae
1475 2181 1605 2220 quisque

935 2225 1097 2263 vectigalia
1104 2224 1521 2264 persolvisset,perscriptnm
1533 2229 1608 2254 erat.

935 2269 1019 2297 τοῦτο
1035 2267 1067 2296 ἐκ
1080 2270 1130 2301 τῆς
1144 2270 1228 2308 ’παρὰ
1249 2268 1308 2300 τοῖς
1325 2267 1511 2305 σιτοφύλαξιν
1526 2269 1605 2296 αωο-

935 2312 1042 2349 γραφῆς
1057 2311 1089 2339 ἂν
1105 2311 1153 2339 ἴδοι
1167 2322 1221 2344 τις.
1241 2312 1316 2344 467,
1333 2311 1364 2339 5.
1388 2309 1461 2341 λάβε
1477 2312 1525 2340 τὴν
1543 2320 1606 2338 πεν-

936 2352 1147 2390 τηκοστολόγων
1163 2353 1335 2391 ἀπογραφήν.
1350 2352 1480 2380 indicem
1499 2352 1606 2381 merci-

937 2407 999 2430 um,
1022 2396 1060 2424 de
1084 2396 1195 2433 quibus
1219 2396 1285 2424 sive
1309 2395 1509 2424 subeuntibus
1535 2404 1605 2433 por-

937 2444 1012 2473 tum,
1044 2437 1109 2467 sive
1133 2438 1326 2472 exeuntibus,
1355 2437 1605 2476 quinquagesima

936 2482 1074 2519 depensa
1089 2485 1147 2510 est.
1165 2482 1239 2516 909,
1258 2483 1306 2510 11.
1330 2477 1361 2508 ἐκ
1377 2481 1427 2513 τῆς
1443 2481 1606 2519 ἀπογραφῆς

937 2527 987 2557 τῆς
998 2522 1023 2552 ἐν
1032 2524 1074 2562 τῷ
1084 2522 1213 2563 Bon-wigen
1225 2525 1301 2562 παραὶ
1313 2524 1371 2556 τοῖς
1381 2521 1606 2562 ἐλλιμενισταῖς.

938 2568 1011 2601 917,
1032 2569 1081 2595 10.
1104 2565 1176 2599 λάβε
1190 2577 1240 2605 μοι
1259 2568 1307 2595 τὴν
1322 2566 1485 2604 ἀπογξαφῆν
1500 2577 1607 2596 ταυτη-

936 2608 967 2638 νί.
989 2610 1067 2639 huuc
1089 2609 1223 2638 indicem
1248 2609 1407 2642 bonorum,
1430 2608 1477 2637 vel
1504 2608 1607 2646 supel-

937 2652 1050 2681 lectilis
1064 2651 1236 2685 domestici,
1262 2656 1293 2680 et
1316 2649 1418 2679 mundi
1436 2650 1603 2686 muliebris,

937 2705 1026 2733 quem
1048 2704 1126 2723 uxor
1147 2704 1214 2723 mea
1230 2703 1268 2722 ex
1286 2693 1454 2722 hereditate
1470 2698 1606 2733 paterna,

939 2742 969 2767 et
990 2747 1058 2776 quae
1081 2747 1167 2766 soror
1190 2737 1267 2774 ejus,
1289 2745 1357 2773 quae
1379 2746 1458 2765 uxor
1481 2736 1607 2774 Spudiae

939 2785 998 2815 est,
1015 2780 1089 2808 item
1106 2779 1232 2817 accepit.
1256 2779 1350 2813 1036,
1372 2780 1423 2807 24.
1446 2779 1609 2818 ἀπογξαφῆν

939 2821 1096 2852 ποιεῖσθαι.
1106 2822 1241 2850 indicare
1252 2820 1452 2859 magistratui,
1464 2832 1541 2856 esse,
1555 2822 1605 2861 qui

941 2867 1018 2895 bona
1035 2869 1153 2893 teneant
1167 2864 1355 2901 habeantque
1377 2874 1432 2902 pro
1449 2864 1524 2897 suis,
1538 2875 1605 2902 qnae

942 2908 1001 2937 sint
1019 2906 1095 2945 reip.
1112 2916 1277 2945 eorumque
1297 2907 1429 2936 indicem
1446 2907 1605 2939 exhibere.

942 2950 1062 2988 istoque
1093 2948 1181 2979 titulo
1211 2949 1241 2979 in
1265 2959 1333 2979 reos
1361 2960 1449 2988 agere
1477 2950 1507 2979 in
1527 2951 1607 2988 jure.
