1822 3187
613 169 1100 213 DEMOSTHENEAE.

137 279 295 320 ἐπιχειρεῖν
316 277 380 309 τινί.
401 279 551 315 insidiari,
573 279 697 310 adoriri.
721 281 793 313 179,
809 280 839 307 8.

180 323 291 352 dicitur
303 322 391 351 etiam
409 321 543 363 ἐγχειρεῖν
557 321 620 352 τινί.
632 325 704 356 179,
717 324 765 352 15.
783 327 840 349 Με-

176 366 269 405 γίιςοις
283 364 437 406 ἐπιχειρῶν.
456 368 530 400 248,
550 368 598 394 14.
623 363 654 394 ἐκ
672 363 776 393 τούτων
793 363 839 402 ῥα-

177 408 239 441 δίως
261 410 321 441 τοῖς
346 408 460 442 λοιποῖς
488 406 634 449 ἐπιχειξοίη
660 407 838 446 πξίιγμασιν.

178 453 252 486 234,
271 453 320 480 17.

136 491 368 533 ἐπιχειροτονεῖν]
395 491 511 522 ἐπειδὰν
535 491 760 531 ἐπιχειξοτονῆτε
784 492 838 524 τὰς

177 537 301 574 γνώμας.
318 538 369 570 48,
386 537 434 564 17.
455 535 534 574 εῖρήνη
551 532 837 574 ἐπιχειροτονηθεῖσα.

177 578 329 616 suffragiis
348 578 524 616 approbata,
541 582 606 605 rata
628 577 739 606 habita.
763 579 837 611 235,

178 623 208 651 9.
236 620 471 660 ἐπεχειροτόνησεν
495 622 508 651 ἧ
533 618 616 651 Βουλὴ
642 619 689 649 καὶ
714 619 725 649 ὁ
752 619 837 658 δῆμος

178 663 262 702 [scil.
288 662 320 693 τὸ
345 661 513 701 ψήφισμα]
537 664 612 697 261,
636 664 687 691 17.
719 663 784 696 τοὺς
808 662 835 691 δὲ

175 704 315 745 πςοὲδςους
329 703 537 744 ἐπιχειςοτονεῖν
553 703 718 742 ἐπάναγκες.
736 705 835 743 plebis

174 749 360 778 voluntatem
375 745 526 787 χειροτονίᾳ
542 747 737 785 significatam
757 747 835 777 inse-

160 786 285 829 'quente
299 800 353 819 suo
363 800 486 819 assensu
503 791 710 829 comprobare,
721 795 751 819 et
764 801 835 819 con-

176 833 302 862 firmare.
317 834 392 866 71⁶2,
409 832 459 862 25.

131 872 329 915 ἐπιχειροτονία
345 874 440 914 νόμων.
458 874 644 911 solemnitas,
660 885 719 914 qua
739 874 834 914 leges,

126 907 140 933 ’ᾖ
171 928 225 947 seu
240 928 339 952 novae,
357 928 410 947 seu
428 922 556 947 vetustae
577 923 764 954 restauratae,
782 930 834 949 vo-

170 960 284 990 luntate
307 960 408 999 plebis
425 960 453 989 in
471 960 616 999 suffragia
638 962 739 990 missae
760 967 834 990 ratae

167 1003 352 1041 jubebantur
369 1013 446 1033 esse.
463 1005 538 1038 706,
549 1006 580 1033 7.
601 1003 833 1045 ἀωεχειςοτονῆθη

171 1048 226 1075 τῶν
237 1045 453 1087 ἐπιχειροτονιῶν
464 1046 556 1075 οὐσῶν.
568 1046 597 1075 in
609 1046 834 1086 suffragatione,

172 1088 202 1117 in
224 1089 368 1119 comitiis.
394 1091 488 1123 1330,
507 1091 557 1118 17.
592 1088 638 1118 ἐὰν
661 1088 687 1118 δέ
711 1101 756 1123 τις
781 1093 836 1120 τῶν

171 1130 301 1172 προέδρων
321 1131 357 1169 δῷ
377 1132 429 1161 τινὶ
452 1134 500 1162 τὴν
523 1130 746 1173 ἐπιχειξοτονίαν.
768 1135 833 1172 ejus

171 1184 262 1203 causa
277 1175 376 1204 mittat
390 1175 420 1204 in
436 1175 589 1214 suffragia.
605 1177 680 1209 716,
697 1177 747 1205 19.

129 1214 324 1257 ἐπιψηφίζειν]
340 1217 526 1256 suffragandi
542 1218 660 1256 copiam
680 1218 779 1247 facere
803 1222 834 1247 et

173 1260 317 1298 suffragia
347 1260 489 1298 colligere
519 1265 610 1298 atque
641 1260 832 1290 dinumerare

170 1307 235 1332 erat
251 1303 300 1331 τοῦ
312 1301 484 1337 ἐπιστάτου,
499 1302 646 1341 principis
659 1308 831 1341 prytanum.

169 1344 182 1373 ὅ
204 1345 302 1374 ταῦτα
317 1343 502 1385 ἐπιψηφίζων
517 1344 687 1378 ἐπιστάτης.
710 1347 784 1379 596,
800 1350 830 1376 4.

167 1389 210 1425 poi
225 1387 344 1426 εἰσάγειν
359 1388 419 1427 πεςῖ
431 1387 534 1418 τούτων
548 1388 585 1421 εἰς
601 1387 634 1416 τὸ
649 1389 832 1427 δικαστηξιον,

168 1429 239 1469 μηδ’
262 1429 440 1469 ἐπιψηφίζειν
466 1433 520 1460 τῶν
547 1430 687 1471 ἀρχόντων
714 1431 830 1470 μηδένα.

167 1474 243 1503 717.
265 1475 316 1504 22.
339 1475 413 1508 746,
430 1476 482 1503 23.
505 1476 580 1507 749,
600 1477 628 1503 ε».
660 1472 830 1513 ἐπιψηφίζε-

169 1515 254 1545 σθαι.
271 1521 342 1555 post
358 1517 506 1546 vetustius
529 1517 651 1555 aliquod
675 1517 829 1546 decretum

167 1567 280 1588 novum
297 1560 386 1594 serre,
401 1570 461 1597 quo
482 1559 527 1588 illi
550 1564 602 1588 aut
625 1560 693 1595 toti,
715 1565 767 1590 aut
790 1571 828 1590 ex

168 1607 254 1640 parte
270 1603 443 1641 obrogetur.
460 1603 535 1637 378,
552 1604 604 1632 27.

123 1642 265 1684 ἐπόγδοος]
285 1645 473 1683 δανεισάμενοι
495 1645 665 1675 πεντήκοντα
687 1646 761 1685 μνᾶς
783 1644 831 1674 ἐπὶ

167 1686 244 1716 τόκον
256 1705 296 1709 —
308 1687 440 1724 ἐπόγδοον.
464 1692 495 1716 ut
511 1689 548 1717 de
566 1688 691 1726 singulis
707 1689 829 1727 quibus-

167 1740 226 1768 que
238 1730 327 1759 minis
339 1730 439 1759 octoni
453 1730 534 1759 oboli
548 1731 669 1760 soenoris
682 1732 829 1760 menstrui

166 1773 322 1803 darentur.
341 1776 434 1808 1212,
452 1775 481 1802 2.
506 1773 597 1802 claris
615 1774 715 1803 verbis
732 1784 827 1812 expo-

165 1816 211 1844 nit
230 1815 296 1854 ipse
316 1820 417 1845 orator
439 1826 470 1854 p.
491 1817 584 1851 1250,
604 1819 655 1846 20.
681 1816 735 1845 ἐπὶ
755 1816 828 1846 ὀκτὼ

164 1857 271 1892 ὂβολοῖς
284 1858 438 1888 δανείσαντι
450 1860 498 1889 τὴν
511 1861 585 1897 μνὲὶν
598 1858 682 1897 μηνός
695 1858 827 1890 ἑκάστου.

164 1900 210 1931 ita
225 1905 259 1930 ut
273 1904 326 1932 50.
347 1902 433 1931 minae
450 1901 575 1931 tulerint
590 1903 714 1931 foenoris
734 1903 827 1932 annui

165 1945 239 1973 600.
257 1944 427 1978 drachmas,
442 1954 495 1973 seu
512 1947 541 1974 6.
559 1944 666 1974 minas.
682 1945 738 1974 suit
754 1956 826 1984 ergo

165 1986 230 2016 haec
245 1988 402 2026 proportio
418 1987 541 2016 fienoris
561 1988 650 2016 annui
674 1989 710 2017 ad
734 1993 825 2018 totam

165 2034 289 2065 sortem,
307 2036 338 2059 nt
356 2033 385 2060 6.
404 2031 439 2058 ad
458 2031 509 2059 50.
524 2041 575 2059 seu
595 2034 643 2061 1⁴2.
660 2031 696 2059 ad
715 2033 788 2060 100.

121 2069 323 2112 ἐποικοδομεῖν]
346 2072 450 2114 τειχίον
475 2072 593 2102 παλαιόν
616 2072 824 2113 ἐπῳκοδόμησε.

166 2117 261 2149 1278,
278 2126 345 2154 pen.

121 2155 276 2198 ἐπομζρία]
298 2159 404 2194 imber,
419 2159 550 2194 nimbus,
567 2159 711 2197 procella.
729 2161 825 2195 1274,

167 2202 219 2230 21.

121 2240 286 2285 ἐπομνύναι]
302 2242 448 2283 ἐπόμνυμι
464 2243 531 2279 Δία,
543 2245 665 2274 Ποσειδῶ
679 2249 737 2275 etc.
749 2246 825 2281 747,

163 2288 215 2315 12.

120 2326 302 2357 ἐπονείδιστον
321 2328 368 2359 ἤδη
385 2327 448 2358 ἐστί
465 2328 498 2358 τὸ
514 2330 725 2360 «πολιτεύεσθαι
748 2332 825 2369 παρὰ

162 2373 223 2404 τοῖς
237 2369 391 2401 ἐπιεικέσι.
407 2375 481 2406 806,
498 2374 527 2402 6.

119 2413 294 2454 ἐποπτεύειν]
311 2417 359 2445 τῆν
371 2414 398 2444 δὲ
414 2416 512 2444 ταῦτα
530 2413 762 2445 ἐποπτεύσουσαν
779 2414 825 2444 καὶ

161 2456 341 2495 φυλάξουσαν
357 2457 480 2497 δύναμιν.
496 2459 571 2493 168,
583 2461 634 2488 13.

119 2496 261 2538 ἐπόπτης]
278 2500 378 2540 ὥσπερ
395 2499 520 2531 ἐπόπται
536 2502 590 2529 τῶν
606 2499 825 2540 στρατηγουμέ-

161 2552 217 2571 νων.
233 2544 287 2576 47,
301 2546 332 2572 4.

117 2581 322 2625 ἐωορχεῖσθαι]
353 2586 502 2614 canticum
534 2586 693 2616 saltatione
720 2596 825 2624 prose-

162 2627 226 2663 qui,
258 2627 403 2665 tripudiis
434 2629 658 2659 concelebrare.
691 2627 823 2670 ἐπορχού-

162 2678 237 2706 μενοι
251 2667 295 2702 iim,-
310 2670 411 2703 ἄττης.
425 2673 500 2706 313,
515 2673 566 2701 26.

123 2709 285 2739 ἑπτακόσιοι
298 2712 404 2741 στάδιοι
420 2713 476 2742 ἀπὸ
497 2716 547 2748 τῆς
562 2713 676 2747 πόλεως
691 2712 823 2752 γενέσθαι

166 2752 212 2781 τὸν
227 2752 351 2793 πόλεμον
366 2753 496 2785 ἐποίησε.
512 2759 586 2790 304,
602 2759 654 2786 12.

118 2793 279 2836 ἐπωβελία]
300 2796 412 2825 mulcta
434 2799 606 2836 pecuniaria
621 2809 672 2828 reo
688 2798 718 2827 in
734 2808 825 2828 causa

160 2838 338 2877 pecuniaria
353 2840 554 2870 condemnato
577 2841 749 2879 pendenda,
770 2851 826 2880 par

161 2881 216 2909 toti
235 2891 371 2915 summae,
387 2892 453 2919 quae
476 2883 513 2911 ab
535 2889 636 2913 actore
657 2889 824 2923 peteretur.

160 2924 209 2953 τήν
224 2921 380 2955 ἐπωβελίαν
395 2923 520 2963 ὀφλήσω,
536 2927 610 2964 μνᾶς
625 2925 734 2955 ἑκατόν.
751 2928 825 2962 834,

162 2967 216 2998 24.
237 2966 324 2997 locus
347 2967 396 2997 hio
423 2972 468 2996 est
493 2968 651 2998 classicus.
697 2969 826 2998 Petebat

1505 174 1583 216 133

919 276 1140 306 Demosthenes
1164 278 1200 306 ab
1223 277 1364 316 Aphobo,
1391 284 1490 310 tutore
1517 290 1585 317 suo,

918 319 1037 348 nomine
1055 319 1132 348 male
1149 324 1245 357 gestae
1269 322 1383 357 tutelae,
1406 329 1435 352 et
1461 323 1582 354 lacerati

918 361 1090 400 patrimonii
1107 361 1165 396 sni,
1182 362 1287 391 decem
1305 363 1426 394 talenta.
1442 376 1509 404 qnae
1530 367 1585 397 de-

917 415 982 433 cem
993 404 1104 433 talenta
1117 404 1300 442 aequivalent
1312 407 1384 435 600.
1395 408 1495 438 minis.
1512 411 1581 440 ..lam

917 447 942 476 si
959 456 1052 476 causa
1067 447 1190 476 caderet
1206 448 1440 484 Demosthenes,
1455 461 1512 480 non
1530 462 1579 482 so-

916 489 977 518 lum
994 490 1100 519 decem
1114 489 1167 518 illa
1182 490 1306 525 talenta,
1326 500 1379 519 seu
1397 493 1469 521 600.
1486 494 1581 524 minas

915 533 1078 567 amitteret,
1094 533 1146 561 sed
1165 538 1314 571 praeterea
1330 543 1450 572 quoque
1463 542 1579 567 sextam

916 575 1004 614 hujus
1021 585 1144 604 snmmae
1159 582 1287 613 partem,
1305 576 1360 604 hoc
1377 581 1425 605 est
1443 580 1514 607 100.
1528 580 1583 608 mi-

915 627 978 653 nas,
994 617 1115 646 mulotae
1131 619 1250 648 nornine
1264 619 1477 657 dependendas
1491 620 1582 651 habe-

913 665 970 690 ret.
997 662 1045 690 τὴν
1071 658 1226 690 {meeum
1248 661 1409 690 κινδυνεύειν.
1436 664 1510 698 835,
1528 667 1580 694 24.

915 705 990 737 841,
1013 706 1064 732 22.
1089 705 1162 738 880,
1186 706 1216 733 9.
1243 706 1336 737 1103,
1358 706 1406 733 15.
1432 703 1580 743 ἑξακοσίας

913 745 961 773 καὶ
987 743 1053 774 δέκα
1080 744 1217 786 δξαχμιὶς
1242 744 1407 778 ἐπωβελίαν.
1432 750 1527 783 1251,
1547 752 1578 779 4.

914 798 986 826 ergo
999 793 1062 817 tota
1074 798 1198 822 summa,
1208 789 1246 817 de
1260 799 1318 827 qua
1330 790 1582 827 contendebatur,

914 833 1082 860 erat3660.
1096 830 1258 866 draehmae,
1271 842 1323 861 seu
1338 833 1389 862 36.
1406 833 1494 862 minae
1511 845 1579 864 cnm

913 876 963 904 60.
981 873 1142 903 drachmis.
1160 876 1254 908 1284,
1270 876 1299 904 2.

869 914 973 956 ἐπῳδὴ]
989 918 1086 945 ταῦτα
1103 918 1142 945 τὰ
1157 917 1300 955 φάρμακα
1322 917 1369 946 καὶ
1385 919 1438 952 τὰς
1451 916 1578 957 ἐπῳδὰς,

913 959 1046 988 carmina
1070 959 1180 997 quibus
1207 960 1394 989 incantandis
1411 962 1508 991 morbi
1523 964 1578 992 de-

911 1002 1106 1041 pellerentur,
1123 1002 1216 1035 λαβὼν
1231 1005 1308 1043 παςά
1332 1005 1382 1037 τῆς
1404 1002 1577 1043 Θεςαπαίνης.

911 1046 986 1079 793,
1005 1045 1058 1074 ult.

868 1085 1029 1129 ἐπωνυμία]
1061 1097 1239 1126 cognomen,
1267 1088 1430 1118 deridiculi
1459 1094 1489 1119 et
1510 1091 1575 1129 joci

910 1141 1001 1160 causa
1023 1130 1170 1160 adscitum
1189 1132 1237 1160 vel
1253 1131 1388 1161 additum
1404 1132 1508 1168 alicui,
1524 1144 1578 1163 no-

910 1183 976 1202 men
994 1178 1158 1208 castrense,
1175 1173 1369 1211 Spitznahme,
1381 1175 1526 1214 Sobriquet
1543 1176 1576 1216 [a

909 1215 1086 1254 wziclrnameJ.
1108 1214 1269 1254 ἐπωνυμίας
1289 1215 1387 1256 σφίσιν
1406 1218 1501 1251 αὐτοῖς
1515 1230 1574 1249 ωε-

910 1258 1047 1288 ποίηνται.
1065 1260 1160 1291 1261,
1175 1261 1226 1288 16.

866 1298 1031 1340 ἐπώνυμος]
1069 1300 1102 1339 a)
1120 1301 1170 1338 qui
1187 1311 1293 1330 nomen
1307 1301 1397 1331 alicui
1411 1303 1449 1332 de
1465 1314 1498 1332 se
1515 1305 1576 1340 dat,

910 1344 961 1372 vel
977 1343 1187 1373 communicat.
1202 1343 1222 1372 οἱ
1236 1342 1386 1383 ἐπώνυμοι,
1402 1346 1506 1375 decem
1523 1347 1576 1376 he-

907 1396 985 1421 roes,
995 1397 1011 1415 e
1023 1396 1147 1425 quorum
1162 1386 1335 1416 nominibus
1348 1388 1453 1417 decem
1466 1389 1574 1425 tribus,

908 1433 1004 1458 totum
1024 1429 1170 1468 populum
1183 1429 1399 1459 Atheniensem
1415 1432 1573 1462 conficien-

906 1477 965 1506 tes,
982 1472 1142 1511 appellatae
1159 1477 1251 1501 erant.
1266 1471 1388 1512 πρόσθεν
1401 1476 1456 1502 τῶν
1471 1473 1574 1505 ἐπωνύ-

906 1527 969 1553 μων
984 1513 1118 1545 ἐκτιθέναι
1133 1516 1198 1548 τοίις
1213 1514 1319 1553 νόμους.
1334 1518 1409 1551 705,
1425 1520 1475 1547 19.
1497 1520 1573 1554 707,

906 1560 956 1587 13.
981 1558 1023 1596 τῷ
1037 1557 1173 1596 ἐπωνύμῳ
1188 1559 1238 1590 τῆς
1251 1557 1348 1587 ἑαυτοῦ
1365 1562 1462 1598 φυλῆς.
1475 1562 1570 1597 1326,

907 1602 936 1630 9.
976 1600 1011 1640 b)
1024 1600 1224 1639 cognominis,
1235 1601 1367 1638 quicum
1385 1602 1479 1632 altero
1491 1614 1572 1633 com-

907 1653 995 1673 mune
1011 1653 1118 1672 nornen
1136 1643 1226 1681 gerit,
1241 1649 1291 1672 aut
1308 1654 1346 1673 ex
1364 1646 1430 1682 ejus
1453 1648 1571 1676 nomine

905 1686 1039 1715 ductum.
1056 1688 1098 1725 μη
1115 1685 1294 1726 καταισχύνῃ
1309 1686 1414 1717 ταύτην
1428 1687 1510 1727 [scil.
1524 1692 1571 1719 τὴν

907 1728 1003 1768 Δίκην]
1019 1726 1049 1763 ’ἧς
1070 1727 1219 1768 ἐπώνυμός
1235 1729 1310 1764 ἐστι,
1324 1729 1397 1758 noch
1412 1731 1465 1760 cler
1480 1742 1511 1761 er
1523 1743 1573 1772 ge-

905 1777 1012 1801 uemzet
1023 1773 1097 1801 τείν-(Ι
1115 1772 1206 1812 [aster
1218 1771 1306 1800 whom
1320 1771 1355 1801 he
1367 1782 1425 1803 was
1439 1776 1571 1816 namedJ,

905 1814 1052 1848 δικαστής.
1063 1817 1136 1849 775,
1150 1818 1179 1844 2.
1195 1814 1261 1853 {igme
1273 1814 1443 1855 ἀρχηγέτης,
1456 1813 1484 1846 οὗ
1497 1816 1570 1848 ἐπώ-

904 1867 984 1895 νυμοι
999 1856 1076 1886 ἐστέ.
1096 1860 1190 1891 1072,
1206 1859 1256 1887 25.

862 1898 1000 1940 ἐρανίζειν]
1029 1910 1096 1929 cum
1123 1900 1238 1935 dativo,
1255 1900 1364 1939 stipem
1389 1902 1481 1932 alicui
1498 1914 1568 1933 con-

905 1944 995 1978 ferre,
1020 1949 1051 1972 et
1076 1943 1217 1972 translate
1241 1954 1362 1981 operam
1386 1955 1507 1975 navare.
1524 1945 1570 1986 ἐφ’

904 1983 940 2019 οἷς
952 1984 1063 2025 ἐξανίζει
1080 1986 1187 2020 τούτοις
1204 1987 1263 2018 τοῖς·
1279 1987 1338 2026 περὶ
1350 1988 1443 2017 αὐτόν.
1453 1990 1491 2017 ob
1504 1999 1569 2019 eam

905 2039 1041 2067 operam,
1054 2029 1233 2069 [mentiendi
1250 2035 1323 2067 puta
1339 2038 1367 2059 et
1385 2031 1569 2061 calumnian-

904 2072 947 2107 di,
964 2078 994 2100 et
1011 2072 1146 2101 insontes
1162 2072 1310 2112 vexandi]
1329 2084 1416 2111 quam
1430 2075 1569 2105 satelliti-

905 2115 960 2144 bus
979 2115 1042 2143 suis
1062 2119 1195 2153 praestat.
1214 2116 1288 2149 999,
1306 2118 1356 2145 24.
1388 2117 1465 2146 Cum
1480 2127 1570 2147 accu-

904 2157 1014 2192 sativo,
1032 2157 1163 2196 exigere,
1181 2167 1343 2195 corrogare
1359 2159 1481 2198 stipem.
1504 2162 1569 2195 τοὺς

902 2198 998 2239 φίλους
1014 2199 1146 2239 ἐξανίστας.
1164 2200 1311 2230 collatitia
1323 2201 1402 2241 stipe
1415 2204 1453 2232 ab
1464 2204 1570 2234 amicis

902 2243 1041 2273 collecta.
1059 2246 1153 2279 1484,
1169 2246 1198 2274 2.

859 2285 958 2327 ἔρανος]
984 2287 1078 2316 Erant
1091 2286 1215 2316 Athenis
1231 2287 1360 2325 collegia
1375 2299 1426 2317 seu
1444 2299 1570 2327 corpora

903 2329 1029 2363 civium,
1044 2329 1123 2358 inter
1145 2340 1176 2358 se
1202 2330 1233 2357 in
1256 2330 1434 2360 societatem
1459 2342 1568 2360 coeun-

902 2372 989 2407 tium,
1006 2373 1044 2401 ad
1069 2372 1269 2401 necessitates
1292 2372 1458 2402 amicorum
1476 2385 1569 2412 pecu-

902 2415 961 2443 niis
982 2415 1137 2443 collatitiis
1157 2414 1372 2450 sublevandas,
1390 2426 1456 2453 quae
1478 2427 1570 2455 pecu-

902 2458 959 2486 niae
975 2461 1027 2486 aut
1043 2457 1108 2486 sine
1119 2457 1233 2487 foenore
1246 2458 1448 2487 credebantur
1462 2460 1568 2489 amicis

901 2499 1054 2535 obaeratis,
1065 2510 1125 2538 quo
1138 2499 1340 2530 creditoribus
1349 2500 1568 2537 satisfacerent,

901 2543 972 2572 olim
987 2543 1148 2581 aliquando
1164 2553 1221 2582 pro
1247 2543 1382 2581 ipsorum
1404 2545 1570 2574 commodi-

901 2590 963 2615 tate
977 2586 1151 2621 reddendae,
1162 2596 1230 2615 cum
1247 2586 1285 2615 ad
1301 2586 1456 2615 meliorem
1475 2588 1568 2617 fortn-

901 2639 969 2658 nam
997 2629 1159 2663 redissent,
1188 2629 1254 2657 sive
1283 2638 1408 2667 prorsus
1435 2631 1566 2668 gratuito

900 2672 1100 2706 donabantur,
1113 2676 1146 2700 ut
1159 2671 1293 2709 virgines
1304 2681 1331 2700 e.
1342 2682 1368 2700 c.
1380 2671 1452 2701 dote
1465 2683 1568 2703 caren-

901 2718 948 2744 tes
960 2719 1086 2753 possent
1100 2724 1167 2743 cum
1180 2715 1252 2742 dote
1268 2713 1393 2748 elocari,
1406 2719 1457 2744 ant
1469 2716 1568 2746 viduae

902 2757 1069 2796 orphanive
1084 2757 1211 2786 honeste
1224 2755 1273 2785 ali.
1290 2757 1376 2785 milde
1385 2757 1570 2799 Stiftungen,

899 2800 970 2829 oder
985 2798 1238 2832 Znschusskassen,
1261 2797 1496 2830 Nothleidenden
1517 2813 1570 2833 aas

902 2842 954 2872 der
971 2841 1051 2871 Noth
1076 2851 1111 2870 zu
1137 2840 1233 2881 helsen
1255 2840 1431 2881 [clim-itable
1449 2843 1569 2874 institn-

903 2886 976 2914 tions
990 2895 1022 2913 or
1031 2883 1180 2923 banksfor
1193 2884 1358 2926 advancing
1366 2895 1466 2926 money
1480 2892 1507 2916 to
1520 2898 1569 2916 ne-

902 2929 1034 2956 cessimus
1052 2926 1194 2966 persons}
1227 2926 1305 2956 Fisci
1320 2930 1359 2957 ad
1380 2930 1443 2966 pias
1457 2939 1568 2960 causas.

903 2969 984 2999 unde
999 2969 1110 3000 multas
1135 2970 1211 2999 scite
1234 2970 1427 3009 excogitatas
1450 2977 1569 3002 senten-
