1822 3187
573 160 635 201 IN
668 158 1153 201 DEMOSTHENEM.

180 262 261 302 apud
286 264 420 298 Samum,
436 269 466 294 et
486 265 568 295 domi
591 265 620 294 in
642 265 724 295 bello
741 265 840 295 Dece-

180 304 269 336 liaco.
286 309 360 342 561,
377 311 427 338 94.
454 308 636 346 Exemplum
662 310 727 346 ejus
750 309 839 337 affer-

182 353 230 378 tur
243 360 271 387 p.
286 353 382 385 >1414,
395 353 445 380 97.
462 362 522 390 quo
538 352 693 384 doceatur,
708 351 839 380 indolem

181 401 198 420 a
210 398 316 422 natura
327 393 467 423 tributam
479 395 617 433 quamvis
627 393 841 428 excellentem,

182 435 233 463 ubi
250 435 346 465 literis
359 441 389 465 et
403 437 593 476 philosophia
606 437 704 465 minus
717 437 841 466 exculta

179 476 284 513 fuerit,
314 479 426 509 homini
456 480 553 514 civili,
575 483 605 509 et
631 479 709 518 reip.
732 490 839 518 parum

181 521 337 558 prodesse.

135 561 524 604 Alcimachus,Strategns.
535 566 798 600 1154‚13.1163,
809 567 838 594 1.

136 604 289 642 Alcimus,
306 618 393 646 quem
410 609 480 637 libri
495 607 616 646 qnidam
634 618 663 646 p.
680 610 775 642 1154,
788 609 839 637 13.

180 648 286 684 edunt,
318 650 438 680 videtur
467 651 527 680 isto
560 661 628 680 cum
659 650 839 680 Alcimacho

179 690 259 720 idem
275 703 354 723 esse.

135 733 286 770 Alcimus,
313 736 470 775 praefectus
492 735 583 765 classi
611 736 758 775 Philippi,
783 736 839 765 Pe-

178 779 335 815 parethum
351 779 493 809 vastavit.
528 779 649 817 Ulpiau.
665 780 702 808 ad
719 790 746 818 p.
765 780 838 813 5248,

179 823 210 851 5.
235 821 357 850 videtur
372 822 556 861 Harpocrat.
578 833 608 861 p.
627 825 677 853 10.
694 826 724 852 4.
749 822 839 861 hujus

177 872 364 893 meminisse.

135 904 330 936 Alcisthenes
353 906 455 937 statim
481 912 551 946 post
575 908 693 937 Astium
717 908 772 938 fuit
793 919 840 938 ar-

179 949 256 990 chon
273 950 355 979 circa
370 950 495 990 Olymp.
512 961 557 981 cx.
578 953 672 986 1193,
690 955 720 983 5.
745 954 839 988 1909,

177 993 210 1021 7.
229 994 323 1028 1357,
341 995 372 1022 6.

136 1033 365 1072 Alcmaeonidae,
389 1036 505 1074 populo
529 1036 699 1072 studentes,
721 1048 737 1066 a
762 1037 840 1067 Pisi-

178 1078 314 1108 stratidis
346 1080 540 1117 expelluntur
570 1080 708 1115 Athenis,
736 1092 838 1110 verum

173 1121 315 1160 ¹pecuniis
341 1122 477 1156 subnixi,
501 1133 516 1152 e
545 1123 660 1161 templo
690 1124 839 1162 Delphico

177 1169 281 1194 mutuo
307 1165 428 1199 sunnis,
452 1171 482 1194 et
506 1171 659 1195 contracto
686 1167 838 1201 exercitu,

176 1207 299 1236 domum
320 1209 459 1243 redeunt,
482 1213 685 1248 tyrannosque
703 1210 838 1239 vicissim

177 1249 313 1288 ejiciunt.
325 1253 399 1286 561,
413 1255 464 1281 15.

136 1291 282 1323 Ateuadae
298 1304 329 1333 p.
345 1297 397 1324 41.
411 1297 440 1325 3.
457 1305 485 1323 ν.
504 1294 606 1324 Vates.
622 1294 660 1323 ad
677 1294 837 1324 Sozomeni

181 1336 221 1364 Η.
235 1336 272 1366 E.
289 1340 364 1366 1.1.
381 1348 412 1376 p.
429 1339 480 1367 97.

135 1378 312 1408 Alexander
336 1379 415 1410 inter
448 1379 585 1418 Philippi
620 1381 762 1417 majores,
786 1381 837 1420 qui

176 1430 284 1460 pacem
314 1423 513 1452 Athenienses
544 1423 623 1452 inter
654 1428 684 1452 et
708 1424 836 1453 Xerxen

177 1465 344 1495 conciliare
373 1467 529 1496 studebat.
555 1468 608 1501 68,
635 1468 684 1495 14.
719 1468 836 1505 primus

177 1508 374 1548 Amphipolin
401 1509 575 1548 occupavit,
597 1514 658 1538 ete
674 1510 834 1539 Persarum

176 1550 219 1579 ibi
246 1557 404 1589 captorum
432 1552 538 1590 pretiis
563 1561 682 1582 auream
707 1558 836 1583 statuam

178 1593 306 1632 Delphis
322 1596 486 1626 dedicavit.
507 1597 579 1631 164,
596 1598 646 1626 19.

133 1636 306 1666 Alexander
321 1638 464 1667 Pheraeus
475 1644 629 1677 tyrannus,
644 1638 835 1668 Atheniensi-

177 1680 232 1708 bus
248 1681 318 1710 ideo
335 1682 392 1711 fuit
407 1687 563 1720 acceptus,
580 1682 658 1720 quod
683 1682 836 1711 Thebanis

175 1724 304 1754 infestus
319 1729 413 1759 esset,
429 1725 552 1760 deinde,
569 1735 636 1753 cum
660 1725 767 1754 saevire
790 1725 836 1754 in-

176 1769 306 1807 ciperet,
322 1779 339 1796 a
355 1767 448 1797 sociis
471 1767 710 1797 Atheniensibus
732 1769 835 1797 deser·
873 1791 876 1795 .

176 1818 238 1842 tus.
252 1813 326 1846 660,
342 1813 373 1841 3.

132 1856 321 1889 Alexander,
347 1856 441 1883 frater
469 1853 617 1892 Philippi,
644 1852 680 1882 ab
709 1853 836 1891 Apollo—

175 1901 273 1939 phane
292 1898 423 1936 Pydnaeo
439 1902 604 1935 peremtus.
620 1898 694 1930 409,
710 1899 761 1926 11.

132 1943 316 1976 Alexander,
336 1941 472 1974 κηδεστὴς
497 1939 646 1978 Philippi,
662 1939 692 1968 h.
704 1950 730 1969 e.
747 1941 835 1978 cujus

177 1997 262 2016 soror
284 1985 453 2024 Olympias,
477 1993 571 2022 penes
599 1982 773 2021 Philippum
805 1984 834 2012 in

175 2028 366 2059 matrimonio
383 2034 459 2062 erat,
474 2026 551 2056 tilius
569 2026 777 2064 Neoptolemi,
790 2037 835 2055 re-

176 2071 224 2110 gis
242 2071 340 2109 Epiri,
357 2075 387 2099 et
409 2070 477 2108 ipse
500 2070 634 2107 ejusdem
658 2079 712 2097 rex
730 2080 746 2098 a
764 2069 836 2098 Phi-

177 2115 274 2153 lippo,
290 2118 362 2152 post
377 2119 504 2151 patrem,
521 2113 632 2140 factus.
649 2114 702 2145 84,
715 2115 766 2143 95.
791 2114 836 2141 vi-

177 2158 266 2187 detur
288 2157 369 2185 idem
396 2166 464 2184 esse
489 2165 556 2184 cum
583 2165 618 2183 eo
648 2154 835 2191 Alexandro,

178 2201 229 2239 qui
253 2211 284 2239 p.
302 2201 395 2234 1907,
410 2201 462 2228 17.
478 2203 508 2227 et
524 2208 554 2236 p.
569 2199 664 2232 1930,
677 2200 728 2227 15.
753 2209 836 2227 com-

175 2247 370 2278 memoratur,
405 2242 452 2270 ubi
492 2241 604 2270 (licitur
636 2240 837 2270 Athenienses

177 2286 288 2326 proelio
318 2284 417 2315 navali
448 2283 569 2313 vicisse.
602 2284 681 2312 unde
712 2284 836 2322 colligo,

175 2330 351 2369 praesectnrn
365 2338 431 2358 eum
448 2327 539 2356 classi
558 2326 693 2364 Philippi
711 2327 815 2357 fuisse.

131 2373 318 2411 Alexander,
329 2372 421 2407 vulgo
434 2381 559 2409 magnus
575 2370 687 2403 dictus,
702 2370 838 2409 Philippi

175 2427 215 2445 ex
232 2415 414 2454 Olympiade
438 2414 529 2448 fitius,
551 2413 714 2443 Messeniis
738 2419 839 2451 tyran-

148 2483 153 2487 .
176 2469 231 2489 nos
247 2458 393 2497 imposuit
410 2457 556 2486 Philiadae
573 2455 661 2490 filios,
677 2456 714 2484 ab
731 2456 837 2486 exsilio

174 2502 487 2531 revocatos.'21‘2.‘26.
506 2499 625 2529 Thebas
637 2499 838 2533 evertit.918,

176 2547 229 2574 20.
251 2554 321 2574 acer
342 2545 407 2582 ejus
429 2543 557 2578 animus,
571 2542 731 2576 industria,
746 2543 838 2571 sedu-

175 2587 245 2616 litas
260 2587 410 2616 laudatur.
427 2589 521 2620 1466,
537 2588 565 2615 8.
587 2595 646 2624 quo
661 2585 730 2614 loco
745 2585 836 2614 etiam

176 2630 215 2658 de
227 2630 325 2668 ipsius
339 2633 436 2659 morte
448 2629 644 2666 significatur.
668 2629 839 2658 Intercedit

174 2684 232 2712 pro
250 2672 394 2707 Lachete,
411 2672 564 2711 Melanopi
583 2672 656 2701 tilio.
673 2673 767 2707 1480,
784 2673 834 2701 19.

174 2721 206 2746 et
222 2717 273 2745 96.

134 2759 308 2792 Alexander
333 2757 443 2795 aliquis
467 2757 574 2795 pirata.
596 2760 670 2791 674,
693 2760 742 2788 19.
776 2768 836 2796 quo

177 2803 246 2832 loco
272 2801 427 2830 Pheraeum
453 2800 605 2838 designari
625 2801 716 2830 Wolf
734 2802 837 2838 conje-

176 2845 239 2881 cit3
263 2853 366 2873 verum
392 2843 539 2881 temporis
564 2843 696 2871 rationes
721 2842 751 2871 id
777 2854 835 2871 non

175 2888 289 2919 sinunt.
334 2885 479 2915 Pheraeus
509 2885 685 2915 Alexander
722 2885 836 2915 dudum

175 2936 246 2962 ante
258 2929 472 2959 Charidemum
488 2928 633 2967 perierat.
656 2928 758 2964 Quare
775 2939 837 2957 ma-

174 2974 222 3014 gis
238 2973 362 3003 videtur
377 2982 444 3002 esse
459 2976 706 3005 consentaneum,
718 2976 751 3000 ut
766 2980 838 3000 eun·

1500 161 1582 201 295

915 265 984 294 dem
1002 275 1069 294 cum
1093 267 1186 296 fratre
1202 266 1408 306 Olympiadis,
1431 267 1580 297 avunculo

918 308 1089 338 Alexandri
1114 310 1158 338 M.
1179 311 1282 339 facias.
1301 321 1330 339 v.
1348 310 1403 339 hac
1424 310 1464 341 de
1488 321 1579 340 causa

919 351 1020 380 Vales.
1038 352 1074 380 ad
1092 352 1243 390 Harpocr.
1258 363 1289 390 p.
1305 355 1335 382 7.

876 393 986 432 Alope,
1005 400 1099 423 niater
1121 395 1372 433 Hippothoontis,
1389 395 1490 425 herois
1505 406 1580 435 epo-

918 436 999 475 njini
1019 436 1361 476 Hippothoontidarum.
1378 440 1471 473 1398,
1489 441 1541 470 26.

876 480 1062 515 Amadocns,
1072 480 1196 518 regulus
1209 480 1360 509 Thracian.
1373 483 1446 515 693,
1462 483 1513 511 19.

876 523 1060 552 Amazonum
1088 523 1242 553 exercitus
1268 524 1304 552 ab
1332 524 1440 552 Athen.
1469 524 1576 554 victus.

919 568 1014 600 1:391,
1030 570 1060 595 2).

875 608 1021 637 Aminias.
1049 611 1142 642 1019,
1158 612 1210 639 19.
1232 606 1303 647 μετ’
1317 605 1456 647 Ἀμεινίου
1476 607 1578 646 ξενολο-

917 651 1018 688 γήσας.
1044 652 1099 680 fuit
1122 662 1195 690 ergo
1218 652 1328 681 ductor
1352 651 1480 680 militnm
1500 662 1579 681 mer-

918 704 1120 724 cenariornm.

876 738 1094 775 Amphilochus
1111 748 1128 766 a
1145 736 1292 776 Philippo
1308 736 1426 775 legatus
1443 737 1479 765 ad
1503 737 1579 767 Dio-

917 780 1031 818 pithem
1049 780 1174 817 missus,
1189 780 1378 817 captivorum
1395 781 1577 817 repetendo-

917 833 982 852 rum
1007 833 1091 861 ergo,
1112 833 1130 852 a
1151 823 1301 861 Dinpithe
1324 827 1472 857 retentus,
1487 829 1578 862 atque

917 870 1040 895 coactus
1072 876 1182 896 novem
1214 865 1335 895 talentis
1357 875 1389 895 se
1417 866 1577 896 redimere.

919 910 991 942 159,
1006 911 1057 939 13.

875 952 1007 989 Amphio
1018 950 1277 990 Cephisopliontis
1289 950 1432 984 κηδεστής.
1442 953 1538 987 1104,
1547 954 1578 982 8.

874 995 1093 1033 Ainphipolitae
1116 1005 1133 1023 a
1156 994 1302 1032 Philippo
1319 994 1435 1028 vexati,
1458 1005 1513 1033 per
1535 996 1580 1025 le-

921 1042 1007 1076 gatos
1032 1037 1182 1067 auxilium
1204 1038 1240 1065 ab
1257 1036 1494 1066 Atheniensibus
1516 1038 1579 1068 fru-

917 1086 977 1109 stra
995 1085 1111 1119 petunt.
1130 1084 1181 1115 11,
1197 1084 1248 1110 11.
1273 1080 1310 1109 de
1327 1080 1489 1109 obsidibus
1506 1082 1580 1110 Am-

917 1123 1033 1162 phipol.
1052 1135 1107 1162 per
1121 1134 1197 1162 quos
1221 1124 1333 1151 factum
1358 1127 1415 1155 est,
1436 1128 1468 1152 ut
1484 1124 1579 1154 Athe-

918 1167 1073 1196 niensibus
1101 1165 1279 1206 Amphipoli
1304 1167 1465 1195 carendum
1488 1173 1580 1197 esset.

917 1211 990 1244 669,
1007 1212 1054 1238 10.

875 1253 1033 1291 Amyntas,
1056 1251 1194 1290 Philippi
1211 1251 1386 1290 imperator,
1415 1251 1578 1281 Athenien-

918 1305 968 1324 ses
983 1295 1091 1333 viginti
1109 1295 1229 1323 navium
1247 1294 1345 1323 classe
1361 1295 1475 1330 exsuit,
1488 1306 1578 1333 quam

921 1339 1098 1372 Leodamas,
1120 1336 1261 1366 frumenti
1291 1337 1412 1374 petendi
1440 1348 1524 1376 ergo,
1547 1337 1578 1367 in

918 1381 1152 1419 Hellespontum
1166 1380 1310 1409 ducebat.
1325 1382 1399 1414 949,
1417 1382 1466 1410 17.
1514 1382 1577 1410 Ne-

917 1424 991 1458 scio,
1007 1434 1044 1453 an
1069 1424 1152 1452 idem
1169 1423 1221 1457 sit,
1238 1423 1289 1461 qui
1307 1433 1336 1461 p.
1354 1425 1449 1458 1199,
1466 1426 1496 1454 3.
1524 1425 1576 1454 Τί-

916 1468 1037 1496 motheo
1050 1467 1163 1496 dicitur
1179 1467 1258 1505 ligna
1274 1467 1415 1495 donasse.

873 1510 1057 1549 Amytheon,
1073 1509 1259 1538 Demostrati
1284 1509 1455 1538 Melitensis
1484 1509 1575 1545 fitius,

915 1554 1041 1582 moritur
1058 1554 1086 1582 in
1103 1552 1219 1586 Sicilia,
1236 1562 1290 1590 per
1312 1552 1470 1582 infaustam
1493 1553 1576 1583 illam

916 1597 1154 1635 expeditionem.
1169 1597 1265 1630 1310,
1283 1598 1333 1624 11.

872 1639 1072 1677 Anaxagoras
1109 1638 1334 1673 Clazomenius,
1365 1638 1580 1678 philosophus,

913 1683 1058 1720 magister
1076 1682 1216 1711 Periclis.
1235 1684 1331 1716 1414,
1347 1684 1399 1711 95.

870 1726 1088 1759 Anaximenes,
1105 1725 1193 1754 hoino
1206 1724 1396 1762 peregrinus,
1412 1734 1499 1763 quem
1515 1726 1577 1755 Eu-

913 1768 1042 1803 bulides,
1065 1768 1226 1806 largitione
1250 1773 1427 1806 corruptus,
1456 1769 1579 1799 civibus

913 1812 982 1840 Ath.
999 1811 1173 1850 adscripsit.
1187 1812 1282 1846 1317,
1298 1812 1329 1840 5.

872 1855 1038 1889 Anaxinus,
1065 1854 1237 1892 speculator
1263 1853 1408 1892 Philippi,
1425 1853 1579 1892 colloquia

911 1897 1098 1926 clandestina
1115 1907 1182 1926 cum
1199 1896 1341 1926 AEschine
1358 1897 1484 1926 Athenis
1507 1907 1580 1926 con-

912 1940 1025 1976 ferens,
1043 1940 1295 1979 deprehenditur.
1321 1942 1396 1975 979,
1418 1950 1487 1978 pen.
1503 1942 1578 1976 973,

913 1986 963 2012 10.

870 2027 1039 2056 Androcles
1057 2026 1225 2064 Sphettins,
1248 2025 1420 2060 foenerator,
1438 2026 1578 2055 Artemo-

915 2070 942 2097 ni
962 2070 1125 2098 Phaselitae
1148 2070 1282 2098 faenebre
1299 2068 1398 2097 credit
1413 2079 1466 2102 aes,
1483 2070 1576 2107 quod,

913 2112 967 2141 illo
983 2117 1114 2147 mortuo,
1130 2123 1195 2141 cum
1208 2122 1265 2141 non
1278 2111 1466 2144 redderetur,
1482 2112 1577 2141 actio-

912 2165 979 2184 nem
1006 2155 1035 2184 in
1053 2155 1214 2185 Lachetem
1236 2154 1377 2189 intendit,
1401 2155 1576 2185 Artemonis

914 2200 1034 2228 fratrem
1052 2203 1081 2227 et
1095 2199 1248 2228 heredem.
1261 2200 1335 2231 925.
1352 2199 1403 2228 97.

870 2241 1074 2270 Androclides
1087 2241 1299 2271 Acharnensis.
1315 2243 1409 2275 1170,
1427 2241 1478 2270 15.

869 2285 1088 2314 Androinenes.
1105 2286 1178 2318 949,
1194 2286 1226 2313 7.

870 2328 1050 2360 Androtion,
1068 2333 1181 2360 orator,
1197 2328 1235 2355 ab
1253 2328 1437 2355 Euctemone
1454 2330 1484 2355 et
1497 2325 1576 2356 Dio-

913 2371 988 2399 doro
1009 2371 1075 2408 (cni
1100 2371 1238 2400 Diodoro
1264 2369 1484 2399 Demosthenes
1509 2380 1577 2399 ora-

913 2414 1026 2442 tionem
1037 2413 1185 2443 adversus
1199 2412 1412 2442 Androtionem
1424 2412 1576 2451 scripsit),

914 2456 1085 2496 παρανόμων
1099 2461 1272 2490 accusatus,
1290 2456 1371 2494 quod
1388 2456 1576 2494 rogationem

913 2501 1037 2529 tulisset
1049 2510 1085 2529 eo
1101 2500 1139 2528 de
1160 2502 1264 2529 senatu
1281 2499 1464 2533 coronando,
1485 2509 1574 2537 quem

914 2548 1032 2572 actores
1048 2542 1148 2571 officio
1173 2552 1228 2572 suo
1252 2541 1388 2570 defuisse
1409 2542 1577 2571 contende-

915 2586 995 2615 bant.
1014 2587 1089 2621 593,
1102 2597 1168 2624 sqq.
1180 2587 1240 2623 jam
1252 2594 1355 2613 senem
1372 2594 1440 2613 eum
1460 2585 1575 2614 Demo-

915 2629 1035 2658 sthenes
1051 2639 1135 2657 reum
1151 2629 1269 2665 agebat.
1286 2629 1359 2661 613,
1375 2630 1426 2657 24.
1441 2637 1540 2657 causae
1557 2636 1579 2658 α’

918 2672 1053 2701 Diodoro
1076 2672 1222 2700 adversus
1240 2670 1366 2699 Androt.
1383 2677 1457 2699 actae
1479 2671 1576 2701 series

914 2720 945 2744 et
958 2714 1058 2743 exitus
1072 2719 1219 2743 narratur.
1234 2715 1309 2746 701,
1320 2716 1372 2744 96.
1386 2723 1431 2751 sq.
1453 2713 1504 2742 ubi
1522 2714 1577 2743 ho-

916 2769 963 2786 ino
980 2757 1132 2795 ligitiosus
1156 2755 1279 2790 dicitur,
1302 2761 1331 2784 et
1356 2757 1384 2785 in
1401 2766 1490 2785 causa
1507 2767 1578 2796 par-

913 2800 1026 2834 ricidii,
1050 2800 1125 2828 falso
1149 2803 1178 2827 et
1202 2808 1256 2837 per
1273 2799 1354 2827 nefas
1382 2799 1516 2828 Diodoro
1532 2800 1579 2829 in-

914 2842 1275 2875 tentata,condemnatus·,
1286 2848 1315 2870 et
1328 2841 1409 2870 mille
1425 2842 1578 2872 drachmis

913 2886 1087 2914 mulctatus.
1107 2885 1133 2914 E
1148 2896 1176 2923 p.
1191 2886 1266 2918 734,
1285 2894 1352 2922 pen.
1367 2890 1396 2915 et
1409 2887 1488 2916 735.
1513 2886 1577 2915 col-

914 2928 1032 2967 ligitur,
1044 2938 1112 2957 eum
1131 2929 1258 2957 honores
1273 2927 1422 2965 gessisse,
1434 2927 1579 2964 divitem,

914 2972 969 3001 sed
985 2971 1147 3010 peculatus
1161 2980 1245 3001 reum
1259 2970 1384 3008 facturn,
1407 2971 1478 3001 item
1496 2982 1578 3010 quae-
