1822 3187
524 126 1108 170 IN'DEMOSTHENEM.

148 232 210 266 bat,
230 235 262 262 ut
280 238 373 271 caput
398 233 522 263 minutis
544 234 740 270 redderetur3
762 233 811 263 cui

147 275 297 313 rogationi
309 276 496 315 Aristogiton
506 276 616 306 frustra
625 276 811 306 intercessit.

147 319 222 352 803,
233 320 284 347 ⁴27.
301 319 447 348 adversus
455 319 654 348 Thoocrinem
671 322 810 348 testatur.

148 361 244 394 1333,
270 364 319 391 15.
345 361 382 390 ‹le
406 363 471 399 ejus
492 362 578 391 exitu
600 372 629 391 v.
655 361 812 391 Plutarch.

146 401 177 440 §.¹
187 401 238 432 κη’.
257 414 285 432 v.
302 404 429 432 Barton.

104 444 296 484 Hyperides,
313 446 490 475 Callaeschri
504 445 595 475 filius.
609 447 682 481 273,
700 447 730 476 6.

448 575 474 602 I.

103 657 204 692 Iason,
221 657 378 693 Pheraens,
395 658 558 687 foederatus
570 658 695 693 Athen„
717 657 810 687 inter-

144 700 227 730 cedit
243 711 298 739 pro
310 701 481 735 Timotheo,
494 700 688 740 imperatore,
701 701 810 740 capitis

146 748 299 773 accusato.
316 744 411 778 1187,
429 745 480 773 15.
504 745 631 782 ejusque
653 743 699 774 rei
719 753 811 773 causa

143 785 211 824 ipse
227 786 362 815 Athenas
380 786 474 815 venit.
488 788 584 819 1190,
594 788 646 816 23.

100 828 250 857 Iatrocles
264 833 364 857 narrat
375 829 586 864 Demostheni,
601 829 673 868 quid
686 828 810 858 AEschi-

142 880 198 900 nes
223 870 351 909 egisset,
376 881 445 901 cum
469 871 614 901 convivio
635 871 753 901 cuidam
779 873 808 901 in

142 913 325 943 Macedonia
339 914 511 944 interesset.
528 917 602 950 402,
619 917 670 944 22.

99 955 232 991 Idrieus,
243 956 342 985 Cariae
353 956 492 994 dynasta,
505 961 578 996 post
592 957 764 987 Mausolum
778 962 809 987 et

142 998 351 1028 Artemisiam.
364 1001 417 1034 63,
434 1002 490 1029 17.

97 1041 274 1080 Illyriorum
290 1042 404 1071 bellum
421 1052 489 1071 cum
503 1041 662 1081 Philippo.
680 1045 731 1077 13,
747 1044 778 1072 4.

97 1084 238 1123 Iphiadis
254 1084 334 1113 filius
348 1094 405 1123 pro
425 1085 514 1114 Sesto
531 1085 620 1114 obses
639 1089 705 1114 erat
726 1085 806 1124 apud

139 1126 367 1162 Charidemum,
375 1137 463 1165 quem
474 1127 611 1157 obsidem
623 1138 690 1158 curn
699 1129 809 1158 Athen.

139 1169 314 1199 dediturum
325 1168 495 1208 recepisset
505 1170 715 1205 Charidemus,
724 1175 809 1210 post-

140 1212 262 1242 modum
279 1212 456 1249 denegavit.
474 1215 547 1248 679,
565 1215 616 1243 18.
640 1219 670 1243 et
685 1223 757 1252 pen.

97 1255 279 1295 Iphicrates.
292 1255 444 1293 Ephialtae
456 1256 547 1290 flliuS,
559 1256 723 1294 imperator
734 1256 807 1286 Ath.

140 1298 169 1327 in
195 1297 276 1326 bello
301 1297 507 1327 Corinthiaco.
531 1300 584 1332 46,
608 1301 659 1329 20.
689 1300 808 1328 Moram

140 1340 254 1370 Laced.
283 1339 428 1369 concidit.
459 1342 532 1375 172,
562 1342 615 1370 26.
648 1343 722 1376 686,
754 1344 806 1372 22.

140 1383 267 1421 Olymp.
285 1384 339 1417 96,
355 1385 386 1411 4.
407 1393 436 1412 v.
454 1382 575 1412 Simson
591 1385 627 1413 A.
640 1383 687 1412 Μ.
710 1386 807 1414 3612.

139 1427 177 1455 ab
192 1436 230 1454 eo
244 1425 445 1454 commendati
457 1425 587 1455 Strabax
603 1430 634 1455 et
650 1427 807 1465 Polystra-

139 1473 189 1499 tus
207 1478 225 1497 a
248 1468 286 1497 P.
310 1468 422 1497 Athen.
446 1468 640 1498 honorantur.
665 1470 806 1505 482‚25.

137 1521 261 1550 magnas
268 1521 336 1540 cum
346 1510 454 1540 Diocle
465 1510 643 1541 inimicitias
656 1513 807 1542 exercuit.

139 1556 215 1590 534,
232 1556 285 1584 22.
312 1554 463 1583 laudatur.
488 1556 562 1589 534,
580 1556 633 1584 26.
659 1565 807 1584 memora·

139 1597 201 1627 bile
229 1598 294 1635 ejus
321 1596 540 1632 testimouium,
563 1597 668 1636 quanti
692 1598 806 1628 faceret

139 1640 231 1670 fidem
248 1639 560 1669 Lacedaemoniorum.
575 1640 650 1675 659,
667 1642 697 1669 8.
723 1642 803 1679 quod

139 1682 349 1713 testimonium
365 1681 530 1720 Iphicratis
552 1693 634 1718 esse,
651 1693 719 1713 cum
738 1683 806 1713 aliis

138 1729 230 1765 negat
243 1725 368 1763 Taylor.
384 1724 441 1754 fuit
461 1724 598 1759 κηδεστῆς
617 1726 744 1764 Cotyos,
760 1737 806 1756 re-

140 1769 188 1809 gis
209 1767 358 1802 Thraciae,
382 1768 439 1796 hoc
460 1773 507 1797 est
525 1778 619 1806 penes
641 1779 673 1799 se
691 1769 721 1799 in
744 1780 806 1799 ma-

140 1810 281 1842 trimonio
303 1810 408 1839 habuit
424 1821 558 1840 sororem
577 1813 661 1850 ejus;
685 1823 746 1851 quo
762 1813 805 1842 fa-

138 1859 233 1889 ctum,
258 1857 290 1882 ut
317 1853 383 1891 regi
412 1853 586 1889 secundior,
613 1865 702 1893 quam
727 1855 806 1894 reip.

138 1901 243 1933 esset3
266 1907 282 1925 a
297 1905 357 1934 quo
373 1900 472 1925 tamen
489 1896 597 1925 malam
615 1897 721 1926 retulit
737 1908 805 1936 gra-

137 1940 222 1970 tiam.
245 1943 432 1977 quapropter
447 1949 464 1967 e
477 1939 606 1968 Thracia
621 1940 805 1979 auffugiens,

139 1983 323 2019 domumque
347 1981 448 2010 redire
471 1986 621 2017 metuens,
648 1984 805 2013 Antissam

138 2024 292 2055 concessit
318 2023 494 2053 habitatum.
516 2026 590 2054 663.
620 2035 706 2063 paene
730 2030 806 2056 tota.

139 2077 299 2097 successor
311 2066 338 2094 ei
349 2066 458 2095 missus
470 2072 517 2095 est
527 2067 717 2096 Timotheus.
731 2071 806 2104 669,

137 2112 169 2140 ⁹7.
190 2120 278 2149 quem
295 2108 469 2146 Iphicrates
490 2109 657 2147 majestatis
679 2119 806 2140 accusa-

139 2153 195 2183 vit.
214 2154 307 2187 1187,
325 2153 355 2179 7.
369 2153 463 2185 1188,
476 2154 527 2180 10.
544 2161 647 2181 verum
665 2162 703 2182 ex
721 2163 805 2183 acer-

137 2195 224 2226 rimis
240 2194 445 2224 simultatibus
461 2194 660 2230 reconciliati‚
672 2196 805 2225 necessi-

137 2238 273 2268 tudinem
296 2237 376 2266 inter
399 2247 432 2265 se
455 2242 681 2267 contraxerunt.
708 2241 804 2275 1204,

137 2281 189 2311 15.
213 2280 349 2309 decessit
365 2279 486 2319 Olymp.
501 2280 573 2314 CX,
592 2282 621 2309 2.

93 2323 272 2358 Ischander,
291 2322 412 2357 histrio,
437 2321 631 2362 Neoptolemi
653 2327 738 2352 actor
757 2335 804 2354 se-

137 2367 304 2396 cundarum
342 2365 484 2403 partium.
517 2367 591 2400 344,
623 2367 652 2394 7.
691 2367 804 2402 nescio,

136 2410 269 2443 idemne,
286 2418 322 2437 an
340 2408 419 2437 alius
435 2408 476 2437 sit
492 2407 530 2443 is,
546 2409 596 2447 qui
615 2418 643 2446 p.
660 2412 734 2446 438,
753 2413 804 2439 11.

137 2452 260 2486 dicitur,
271 2452 308 2479 ab
321 2451 468 2480 AEschine
485 2451 523 2480 ad
539 2452 716 2481 concionem
734 2463 804 2491 pro-

137 2495 260 2529 ductus,
283 2494 455 2533 simulasse,
472 2504 504 2523 se
519 2494 556 2523 ab
578 2495 749 2525 Arcadibus
767 2496 803 2525 ad

139 2538 176 2566 P.
193 2538 304 2566 Athen.
321 2538 446 2566 missum
464 2537 581 2566 venire.

94 2580 260 2614 Isocrates,
273 2579 387 2609 rhetor.
399 2582 473 2614 928,
484 2581 514 2609 6.
529 2580 678 2611 doctrinae
688 2591 804 2611 mercen

137 2623 207 2652 dem
223 2622 369 2661 exigebat
391 2623 529 2652 millenas
544 2624 713 2653 drachmas.
730 2626 803 2659 938,

137 2667 188 2696 16.
226 2670 420 2694 memoratur.
436 2668 532 2701 1240,
549 2669 580 2697 7.
613 2668 804 2696 consuetudo

136 2709 203 2747 ejus
212 2718 312 2736 mores
324 2707 487 2743 Timothei,
499 2709 633 2739 Cononis
645 2710 714 2746 filii,
724 2711 802 2740 haud

135 2761 241 2790 parum
258 2750 441 2780 emendavit.
461 2754 554 2786 1415,
569 2755 601 2782 7.

94 2794 252 2829 Isthmias,
266 2793 423 2823 meretrix.
440 2794 536 2829 1351,
551 2797 601 2824 16.

95 2923 137 2953 Κ.
152 2921 223 2952 vide
239 2922 295 2951 sub
311 2920 398 2950 litera
413 2921 449 2950 C.

1471 130 1549 171 311

1180 317 1216 348 L.

846 398 1097 430 Lacedaemonius
1113 399 1237 441 (nomen
1257 401 1289 431 id
1305 404 1460 442 proprium
1477 405 1553 446 est),

887 444 975 482 cujus
991 453 1126 472 sororem
1141 454 1210 472 cum
1232 445 1398 475 Eubulides
1413 447 1553 487 impieta-

887 486 928 515 tis
951 490 1135 522 accusasset,
1156 488 1289 525 rejectus
1312 493 1369 517 est.
1387 491 1484 527 1301,
1501 494 1553 521 16.

888 530 986 564 1360,
1002 531 1033 559 9.

847 571 1146 601 Lacedaemoniorum
1175 571 1281 611 legati,
1308 574 1433 602 exsules
1459 574 1554 604 Athe·

886 615 1008 643 nienses
1029 615 1066 643 ab
1089 614 1214 653 Argivis
1236 620 1441 654 reposcentes,
1460 616 1553 655 Argis

886 657 1039 686 excedere
1055 662 1124 686 ante
1141 657 1216 686 solis
1237 668 1377 687 occasum
1397 659 1553 696 jubentur.

886 702 960 734 197,
973 702 1002 730 5.
1018 701 1417 738 quapropterAthenienses
1429 700 1458 730 in
1472 702 1554 732 bello

886 742 923 770 ad
942 742 1127 771 Mantineam
1143 753 1197 771 eos
1209 743 1420 773 defenderunt.
1435 746 1509 780 205,
1522 747 1552 774 1.

886 785 973 822 cujus
988 785 1030 814 rei
1047 790 1154 814 auctor
1163 786 1400 815 Atheniensibus
1414 787 1470 815 suit
1483 788 1554 817 Cal-

886 827 1035 857 listratus.
1060 830 1155 863 1353,
1180 829 1232 858 19.
1254 828 1296 857 nil
1320 829 1421 858 valent
1442 829 1552 860 adver-

874 879 940 905 ,sus
955 870 1131 909 Olynthios,
1149 881 1166 900 a
1181 872 1289 910 quibus
1308 881 1432 911 magnas
1448 873 1553 903 clades

885 914 1049 952 accipiunt.
1065 914 1139 949 425,
1149 916 1201 944 21.
1218 924 1333 943 summa
1345 925 1448 944 eorum
1465 920 1553 954 pote-

887 960 949 984 stas
966 967 1060 995 penes
1077 966 1188 995 paucos
1204 961 1278 986 erat.
1293 959 1368 992 489,
1385 960 1437 988 19.
1459 958 1553 988 habe-

885 998 995 1028 bantur
1016 1004 1214 1036 veteratoreS,
1233 1010 1330 1039 eoque
1350 1000 1426 1030 fides
1448 1011 1553 1031 eorum

886 1049 952 1071 erat
973 1047 1117 1080 suspecta
1135 1042 1296 1081 Iphicrati.
1311 1045 1386 1079 659,
1401 1045 1432 1073 ’7.
1457 1054 1550 1082 quare

887 1085 1113 1115 Lacedaemonii
1129 1086 1208 1114 odiis
1231 1090 1291 1115 tam
1313 1086 1431 1116 acerbis
1452 1091 1483 1116 et
1504 1086 1551 1116 in-

884 1127 1049 1156 terneciuis
1070 1128 1209 1157 insectati
1227 1129 1287 1158 sint
1309 1129 1503 1165 Plataeenses,
1519 1134 1555 1160 ut

885 1174 965 1205 ante,
984 1180 1073 1208 quam
1094 1171 1150 1200 hos
1169 1171 1369 1206 delevissent,
1387 1182 1447 1201 non
1468 1172 1553 1202 desi-

885 1216 1014 1242 sterent.
1031 1215 1126 1249 1377,
1143 1216 1194 1244 23.
1212 1224 1258 1252 sq.

842 1253 971 1291 Laches,
987 1256 1154 1295 Melanippi
1176 1261 1274 1295 pater,
1294 1257 1384 1286 homo
1399 1257 1479 1296 frugi
1499 1257 1552 1286 ha-

885 1297 978 1333 bitus,
999 1298 1112 1327 oratori
1135 1303 1233 1328 tamen
1255 1305 1429 1338 suspectus,
1444 1300 1481 1328 ab
1498 1310 1550 1329 eo—

884 1350 943 1378 que
972 1341 1130 1378 peculatus
1159 1345 1241 1371 tecte
1270 1342 1463 1371 insimulatus
1493 1347 1552 1372 est.

883 1384 959 1417 ¹740,
974 1387 1025 1414 21.

840 1424 970 1460 Laches,
993 1425 1075 1455 illius
1098 1436 1205 1464 nepos,
1234 1427 1388 1465 Melanopi
1416 1427 1509 1463 filius,
1534 1438 1551 1457 e

884 1478 1017 1502 carcere,
1036 1468 1065 1497 in
1085 1479 1174 1507 quem
1198 1470 1239 1498 ob
1259 1470 1419 1507 peculatus
1435 1470 1549 1500 crimen

884 1512 1042 1548 conjectus
1063 1512 1174 1547 fuerat,
1191 1513 1229 1540 ob
1245 1512 1417 1542 Alexandri
1433 1514 1478 1546 M.
1496 1514 1549 1542 de-

883 1553 1103 1592 precationem,
1119 1555 1261 1584 emissus.
1279 1557 1375 1591 1480,
1391 1557 1421 1586 9.
1435 1560 1465 1585 et
1474 1557 1527 1587 25.

842 1595 995 1631 Lacritus,
1014 1597 1162 1635 sophista,
1178 1598 1347 1633 Phaselita,
1366 1608 1455 1637 quem
1478 1598 1550 1628 aeris

883 1639 980 1668 debiti
1001 1649 1059 1669 non
1082 1640 1174 1669 soluti
1193 1640 1363 1678 postulavit
1378 1641 1549 1671 Androcles

882 1682 1045 1711 soenerator
1061 1692 1078 1711 a
1094 1693 1123 1720 p.
1139 1685 1212 1713 923.
1225 1683 1260 1712 ad
1280 1685 1352 1714 943.
1364 1684 1548 1722 eloquentia,

883 1734 971 1763 quam
992 1725 1049 1754 sibi
1068 1727 1239 1764 arrogabat,
1255 1730 1285 1755 et
1301 1727 1435 1756 Isocrate
1453 1728 1549 1764 magi-

882 1772 944 1796 stro
966 1768 1078 1797 fidebat
1098 1774 1187 1807 atque
1209 1769 1406 1807 superbiebat
1429 1779 1460 1808 p.
1476 1772 1550 1800 938.

882 1814 957 1839 tota.
980 1811 1083 1849 Hujus
1099 1811 1215 1840 Lacriti
1230 1812 1409 1841 familiarem
1421 1813 1549 1842 etdisci-

881 1852 985 1891 pulum
1002 1853 1097 1882 fuisse
1114 1854 1278 1883 Archinum
1289 1855 1446 1890 Thurium,
1463 1855 1546 1885 illum

881 1896 1002 1924 nomine
1017 1898 1066 1925 τοῦ
1085 1896 1279 1936 φυγαδοθήςου
1297 1897 1450 1934 infamem,
1466 1898 1549 1928 haud

881 1938 1123 1975 improbabiliter
1135 1939 1261 1976 conjicit
1277 1941 1389 1968 Bai-ton
1405 1950 1436 1978 p.
1454 1943 1528 1971 202.

840 1980 963 2017 Lampis
975 1981 1012 2009 ab
1024 1981 1196 2010 exercenda
1205 1992 1237 2010 re
1247 1982 1435 2011 navicularia
1451 1984 1550 2013 factus

883 2024 1058 2052 Graecoruru
1079 2023 1260 2059 ditissimus,
1282 2030 1312 2053 et
1335 2025 1373 2053 de
1395 2025 1550 2063 AEginetis

882 2065 996 2103 optime
1012 2065 1148 2102 meritus,
1172 2066 1247 2095 nihil
1264 2072 1362 2096 tamen
1386 2069 1423 2096 ab
1444 2069 1482 2097 iis
1498 2068 1549 2098 in·

883 2108 979 2143 venit,
994 2113 1106 2147 praeter
1121 2110 1168 2139 τὴν
1183 2108 1324 2144 ἀτέλειαν,
1341 2120 1392 2138 seu
1409 2110 1549 2140 immuni-

881 2154 972 2180 tatem
994 2162 1011 2180 a
1026 2152 1139 2181 tributo
1159 2152 1387 2191 inquilinorum.
1403 2155 1477 2188 690,
1493 2154 1549 2184 ult.

883 2195 955 2223 905.
974 2198 1004 2223 et
1020 2194 1154 2224 oratione
1173 2200 1236 2223 tota
1252 2195 1281 2224 in
1300 2196 1525 2227 Phormionem.

840 2237 1024 2266 Laomedon.
1042 2248 1070 2267 v.
1092 2238 1270 2267 Leodamas.

841 2279 1008 2309 Lasthenes
1027 2284 1058 2309 et
1081 2281 1296 2319 Euthycrates,
1311 2281 1460 2318 Olynthii,
1482 2291 1550 2311 cum

881 2322 1010 2360 patriam
1039 2323 1184 2361 Philippo
1206 2323 1427 2361 prodidissent,
1451 2325 1489 2353 ab
1513 2334 1550 2354 eo

882 2365 990 2394 misere
1011 2365 1162 2394 interemti
1183 2371 1262 2395 sunt.
1281 2367 1334 2401 99,
1351 2368 1403 2396 22.
1428 2369 1501 2403 128,
1518 2370 1547 2397 8.

883 2410 956 2440 241,
975 2409 1025 2437 25.
1042 2410 1116 2443 425,
1135 2409 1189 2437 ult.
1207 2410 1281 2443 451,
1297 2412 1326 2438 2.

840 2450 989 2486 Leander,
1007 2450 1125 2480 histrio.
1141 2462 1172 2480 v.
1188 2451 1350 2480 Cleander.

839 2493 966 2531 Legatio
985 2494 1213 2523 Atheniensium
1234 2494 1264 2523 in
1290 2495 1548 2532 Peloponnesum,

881 2537 973 2574 paulo
995 2541 1065 2575 post
1084 2537 1250 2574 Olynthum
1271 2542 1403 2575 captam,
1425 2543 1548 2566 auctore

883 2579 1015 2614 Eubulo,
1030 2581 1067 2608 ab
1084 2580 1230 2609 AEschine
1244 2580 1338 2613 obita,
1353 2580 1389 2608 ad
1407 2580 1549 2617 civitates

881 2622 1028 2651 adversus
1055 2622 1229 2661 Philippum
1252 2622 1456 2652 concitandas.
1476 2626 1550 2658 438,

882 2667 1136 2703 23.sq.439‚8.

840 2707 966 2746 Legatio
984 2706 1198 2736 Demosthenis
1212 2707 1249 2735 ad
1262 2707 1439 2746 Philippum
1453 2708 1549 2745 gemi-

882 2760 931 2784 na,
946 2761 1012 2779 cum
1033 2750 1176 2779 AEschine
1193 2749 1289 2784 socio,
1305 2750 1404 2788 prima
1419 2750 1456 2779 ad
1478 2761 1550 2780 con-

882 2793 1069 2822 stituendum
1083 2793 1121 2821 de
1137 2792 1222 2831 pacis
1235 2793 1472 2827 conditionibus,
1489 2798 1551 2823 sta-

882 2835 936 2864 tim
956 2836 993 2863 ab
1015 2835 1149 2873 Olyntho
1164 2840 1262 2874 capta.
1278 2838 1332 2870 72,
1348 2839 1399 2866 24.
1426 2838 1502 2873 345,
1517 2839 1548 2867 3.

882 2878 989 2912 altera,
1001 2888 1076 2915 pace
1087 2879 1150 2915 jam
1167 2878 1310 2908 condicta
1325 2883 1357 2908 et
1373 2879 1548 2914 constituta,

883 2920 920 2949 ad
941 2922 1152 2959 jusjurandum
1169 2921 1207 2950 ab
1224 2931 1261 2950 eo
1275 2922 1472 2961 exigendum,
1490 2932 1550 2960 quo
