<?xml version="1.0" encoding="UTF-8"?>
<!DOCTYPE html PUBLIC "-//W3C//DTD XHTML 1.0 Transitional//EN"
    "http://www.w3.org/TR/xhtml1/DTD/xhtml1-transitional.dtd">
<html xmlns="http://www.w3.org/1999/xhtml" xml:lang="en" lang="en">
 <head>
  <title>
</title>
<meta http-equiv="Content-Type" content="text/html;charset=utf-8" />
  <meta name='ocr-system' content='tesseract 3.04.00' />
  <meta name='ocr-capabilities' content='ocr_page ocr_carea ocr_par ocr_line ocrx_word'/>
</head>
<body>
  <div class='ocr_page' id='page_1' title='image "./oratoresatticie11dobs/oratoresatticie11dobs_0161.png"; bbox 0 0 1822 3187; ppageno 0'>
   <div class='ocr_carea' id='block_1_1' title="bbox 564 167 1046 213">
    <p class='ocr_par' dir='ltr' id='par_1_1' title="bbox 564 167 1046 213">
     <span class='ocr_line' id='line_1_1' title="bbox 564 167 1046 213; baseline -0.01 0"><span class='ocrx_word' id='word_1_1' title='bbox 564 167 1046 213; x_wconf 87' lang='lat' dir='ltr'>DEMOSTHENEAE.</span> 
     </span>
    </p>
   </div>
   <div class='ocr_carea' id='block_1_2' title="bbox 76 276 784 2963">
    <p class='ocr_par' dir='ltr' id='par_1_2' title="bbox 114 276 774 440">
     <span class='ocr_line' id='line_1_2' title="bbox 117 276 772 311; baseline -0.006 -3"><span class='ocrx_word' id='word_1_2' title='bbox 117 276 202 311; x_wconf 65' lang='grc' dir='ltr'>λίδης.</span> <span class='ocrx_word' id='word_1_3' title='bbox 227 286 282 306; x_wconf 88' lang='lat' dir='ltr'>non</span> <span class='ocrx_word' id='word_1_4' title='bbox 304 277 391 307; x_wconf 75' lang='lat' dir='ltr'>faciie</span> <span class='ocrx_word' id='word_1_5' title='bbox 414 276 494 307; x_wconf 79' lang='lat' dir='ltr'>ausit</span> <span class='ocrx_word' id='word_1_6' title='bbox 519 277 684 308; x_wconf 71' lang='lat' dir='ltr'>Eubutides</span> <span class='ocrx_word' id='word_1_7' title='bbox 709 276 772 305; x_wconf 80' lang='lat' dir='ltr'>haec</span> 
     </span>
     <span class='ocr_line' id='line_1_3' title="bbox 114 317 774 359; baseline -0.003 -9"><span class='ocrx_word' id='word_1_8' title='bbox 114 323 216 359; x_wconf 81' lang='lat' dir='ltr'>jurato</span> <span class='ocrx_word' id='word_1_9' title='bbox 229 319 362 350; x_wconf 79' lang='lat' dir='ltr'>infitiari.</span> <span class='ocrx_word' id='word_1_10' title='bbox 380 322 469 355; x_wconf 85' lang='grc'><strong>1317,</strong></span> <span class='ocrx_word' id='word_1_11' title='bbox 483 322 514 350; x_wconf 86' lang='grc'>7.</span> <span class='ocrx_word' id='word_1_12' title='bbox 529 321 681 357; x_wconf 72' lang='grc' dir='ltr'>ἀναγκάσω</span> <span class='ocrx_word' id='word_1_13' title='bbox 692 317 774 348; x_wconf 67' lang='grc' dir='ltr'>αὐτὸν</span> 
     </span>
     <span class='ocr_line' id='line_1_4' title="bbox 117 360 773 403; baseline -0.003 -11"><span class='ocrx_word' id='word_1_14' title='bbox 117 363 277 403; x_wconf 74' lang='grc' dir='ltr'>μαρτυρεῖν,</span> <span class='ocrx_word' id='word_1_15' title='bbox 299 362 313 394; x_wconf 79' lang='grc' dir='ltr'>ἢ</span> <span class='ocrx_word' id='word_1_16' title='bbox 335 362 518 402; x_wconf 84' lang='grc' dir='ltr'>ἐξόμνυσθαι,</span> <span class='ocrx_word' id='word_1_17' title='bbox 534 362 548 393; x_wconf 72' lang='grc' dir='ltr'>ἢ</span> <span class='ocrx_word' id='word_1_18' title='bbox 564 361 709 392; x_wconf 71' lang='grc' dir='ltr'>κλητεύσω</span> <span class='ocrx_word' id='word_1_19' title='bbox 723 360 773 390; x_wconf 74' lang='grc' dir='ltr'>αὖ·</span> 
     </span>
     <span class='ocr_line' id='line_1_5' title="bbox 118 405 333 440; baseline -0.009 -4"><span class='ocrx_word' id='word_1_20' title='bbox 118 405 177 436; x_wconf 90' lang='grc' dir='ltr'>τόν.</span> <span class='ocrx_word' id='word_1_21' title='bbox 191 408 287 440; x_wconf 75' lang='lat'><strong>1354,</strong></span> <span class='ocrx_word' id='word_1_22' title='bbox 304 409 333 434; x_wconf 79' lang='lat'>4.</span> 
     </span>
    </p>

    <p class='ocr_par' dir='ltr' id='par_1_3' title="bbox 76 444 776 615">
     <span class='ocr_line' id='line_1_6' title="bbox 76 444 773 488; baseline -0.003 -12"><span class='ocrx_word' id='word_1_23' title='bbox 76 444 211 488; x_wconf 81' lang='grc' dir='ltr'>ἐξορίζειν]</span> <span class='ocrx_word' id='word_1_24' title='bbox 235 447 440 482; x_wconf 75' lang='lat' dir='ltr'>exterminare,</span> <span class='ocrx_word' id='word_1_25' title='bbox 468 447 543 476; x_wconf 82' lang='lat' dir='ltr'>ultra</span> <span class='ocrx_word' id='word_1_26' title='bbox 574 446 644 476; x_wconf 81' lang='lat' dir='ltr'>fines</span> <span class='ocrx_word' id='word_1_27' title='bbox 675 455 773 474; x_wconf 82' lang='lat' dir='ltr'>aman-</span> 
     </span>
     <span class='ocr_line' id='line_1_7' title="bbox 120 487 775 530; baseline -0.005 -11"><span class='ocrx_word' id='word_1_28' title='bbox 120 490 202 519; x_wconf 81' lang='lat' dir='ltr'>dare.</span> <span class='ocrx_word' id='word_1_29' title='bbox 223 488 339 530; x_wconf 79' lang='grc' dir='ltr'>έξορίσαι</span> <span class='ocrx_word' id='word_1_30' title='bbox 360 489 401 519; x_wconf 79' lang='grc' dir='ltr'>δεῖ</span> <span class='ocrx_word' id='word_1_31' title='bbox 421 490 496 526; x_wconf 62' lang='grc' dir='ltr'>ὑμᾶς</span> <span class='ocrx_word' id='word_1_32' title='bbox 518 489 601 517; x_wconf 77' lang='grc' dir='ltr'>τοῦτο</span> <span class='ocrx_word' id='word_1_33' title='bbox 626 487 658 518; x_wconf 67' lang='grc' dir='ltr'>τὸ</span> <span class='ocrx_word' id='word_1_34' title='bbox 678 487 775 527; x_wconf 79' lang='grc' dir='ltr'>θηρίον.</span> 
     </span>
     <span class='ocr_line' id='line_1_8' title="bbox 119 528 776 571; baseline -0.008 -8"><span class='ocrx_word' id='word_1_35' title='bbox 119 535 193 566; x_wconf 86' lang='grc'><strong>798,</strong></span> <span class='ocrx_word' id='word_1_36' title='bbox 209 535 260 563; x_wconf 81' lang='grc'>25.</span> <span class='ocrx_word' id='word_1_37' title='bbox 284 535 338 566; x_wconf 73' lang='grc' dir='ltr'>τὰς</span> <span class='ocrx_word' id='word_1_38' title='bbox 357 531 382 561; x_wconf 83' lang='grc' dir='ltr'>ἐν</span> <span class='ocrx_word' id='word_1_39' title='bbox 396 532 460 564; x_wconf 79' lang='grc' dir='ltr'>ταῖς</span> <span class='ocrx_word' id='word_1_40' title='bbox 483 529 594 571; x_wconf 67' lang='grc' dir='ltr'>ψυχαῖς</span> <span class='ocrx_word' id='word_1_41' title='bbox 608 528 776 569; x_wconf 69' lang='grc' dir='ltr'>ἀγριότητας</span> 
     </span>
     <span class='ocr_line' id='line_1_9' title="bbox 120 571 775 615; baseline -0.003 -11"><span class='ocrx_word' id='word_1_42' title='bbox 120 576 149 604; x_wconf 80' lang='grc' dir='ltr'>αἱ</span> <span class='ocrx_word' id='word_1_43' title='bbox 166 578 220 605; x_wconf 74' lang='grc' dir='ltr'>τῶν</span> <span class='ocrx_word' id='word_1_44' title='bbox 235 574 381 615; x_wconf 66' lang='grc' dir='ltr'>νομοθετῶν</span> <span class='ocrx_word' id='word_1_45' title='bbox 393 571 536 613; x_wconf 76' lang='grc' dir='ltr'>ἐξορίζουσι</span> <span class='ocrx_word' id='word_1_46' title='bbox 557 573 678 602; x_wconf 71' lang='grc' dir='ltr'>διάνοιαι.</span> <span class='ocrx_word' id='word_1_47' title='bbox 700 575 775 608; x_wconf 88' lang='grc'><strong>808,</strong></span> 
     </span>
    </p>

    <p class='ocr_par' dir='ltr' id='par_1_4' title="bbox 79 657 379 700">
     <span class='ocr_line' id='line_1_10' title="bbox 79 657 379 700; baseline 0 -11"><span class='ocrx_word' id='word_1_48' title='bbox 79 657 224 700; x_wconf 77' lang='grc' dir='ltr'>ἔξόριστος.</span> <span class='ocrx_word' id='word_1_49' title='bbox 239 662 311 695; x_wconf 69' lang='grc'><strong>548,</strong></span> <span class='ocrx_word' id='word_1_50' title='bbox 328 660 379 689; x_wconf 78' lang='grc'>27.</span> 
     </span>
    </p>

    <p class='ocr_par' dir='ltr' id='par_1_5' title="bbox 79 699 777 827">
     <span class='ocr_line' id='line_1_11' title="bbox 79 699 777 744; baseline -0.004 -12"><span class='ocrx_word' id='word_1_51' title='bbox 79 701 233 744; x_wconf 80' lang='grc' dir='ltr'>ἐξορκίζειν]</span> <span class='ocrx_word' id='word_1_52' title='bbox 250 702 447 743; x_wconf 87' lang='lat' dir='ltr'>jurejurando</span> <span class='ocrx_word' id='word_1_53' title='bbox 474 700 607 739; x_wconf 86' lang='lat' dir='ltr'>adigere.</span> <span class='ocrx_word' id='word_1_54' title='bbox 637 700 706 730; x_wconf 82' lang='grc' dir='ltr'>καθ’</span> <span class='ocrx_word' id='word_1_55' title='bbox 731 699 777 729; x_wconf 69' lang='grc' dir='ltr'>ἐ’να</span> 
     </span>
     <span class='ocr_line' id='line_1_12' title="bbox 120 741 776 784; baseline -0.006 -9"><span class='ocrx_word' id='word_1_56' title='bbox 120 744 236 775; x_wconf 75' lang='grc' dir='ltr'>ἕκαστον</span> <span class='ocrx_word' id='word_1_57' title='bbox 250 743 314 784; x_wconf 63' lang='grc' dir='ltr'>πρὸς</span> <span class='ocrx_word' id='word_1_58' title='bbox 323 742 368 774; x_wconf 82' lang='grc' dir='ltr'>τόν</span> <span class='ocrx_word' id='word_1_59' title='bbox 381 741 476 784; x_wconf 66' lang='grc' dir='ltr'>βωμὸν</span> <span class='ocrx_word' id='word_1_60' title='bbox 488 742 600 780; x_wconf 79' lang='grc' dir='ltr'>ἄγοντες</span> <span class='ocrx_word' id='word_1_61' title='bbox 618 744 665 773; x_wconf 78' lang='grc' dir='ltr'>καὶ</span> <span class='ocrx_word' id='word_1_62' title='bbox 680 741 776 784; x_wconf 80' lang='grc' dir='ltr'>ἐξορκί-</span> 
     </span>
     <span class='ocr_line' id='line_1_13' title="bbox 124 787 376 827; baseline -0.004 -10"><span class='ocrx_word' id='word_1_63' title='bbox 124 787 221 827; x_wconf 78' lang='grc' dir='ltr'>ξοντες.</span> <span class='ocrx_word' id='word_1_64' title='bbox 237 789 332 822; x_wconf 87' lang='grc'><strong>1265,</strong></span> <span class='ocrx_word' id='word_1_65' title='bbox 346 789 376 817; x_wconf 87' lang='grc'>6.</span> 
     </span>
    </p>

    <p class='ocr_par' dir='ltr' id='par_1_6' title="bbox 79 827 779 1080">
     <span class='ocr_line' id='line_1_14' title="bbox 79 827 777 869; baseline -0.003 -11"><span class='ocrx_word' id='word_1_66' title='bbox 79 827 211 869; x_wconf 72' lang='grc' dir='ltr'>ἐξορκοῦν]</span> <span class='ocrx_word' id='word_1_67' title='bbox 233 829 325 863; x_wconf 87' lang='lat' dir='ltr'>idem,</span> <span class='ocrx_word' id='word_1_68' title='bbox 341 829 405 858; x_wconf 79' lang='lat' dir='ltr'>scil.</span> <span class='ocrx_word' id='word_1_69' title='bbox 422 829 452 858; x_wconf 89' lang='lat' dir='ltr'>in</span> <span class='ocrx_word' id='word_1_70' title='bbox 466 829 671 867; x_wconf 77' lang='lat' dir='ltr'>praescriptam</span> <span class='ocrx_word' id='word_1_71' title='bbox 684 827 777 866; x_wconf 83' lang='lat' dir='ltr'>juris-</span> 
     </span>
     <span class='ocr_line' id='line_1_15' title="bbox 115 871 777 909; baseline 0.003 -10"><span class='ocrx_word' id='word_1_72' title='bbox 115 871 236 909; x_wconf 83' lang='lat' dir='ltr'>jurandi</span> <span class='ocrx_word' id='word_1_73' title='bbox 259 871 416 902; x_wconf 80' lang='lat' dir='ltr'>formuiam</span> <span class='ocrx_word' id='word_1_74' title='bbox 438 872 546 909; x_wconf 82' lang='lat' dir='ltr'>jubere</span> <span class='ocrx_word' id='word_1_75' title='bbox 566 873 679 909; x_wconf 81' lang='lat' dir='ltr'>jurare.</span> <span class='ocrx_word' id='word_1_76' title='bbox 704 873 777 905; x_wconf 76' lang='lat'><strong>388,</strong></span> 
     </span>
     <span class='ocr_line' id='line_1_16' title="bbox 121 912 778 955; baseline -0.002 -12"><span class='ocrx_word' id='word_1_77' title='bbox 121 916 172 944; x_wconf 91' lang='grc'>16.</span> <span class='ocrx_word' id='word_1_78' title='bbox 190 917 282 950; x_wconf 86' lang='grc'><strong>1119,</strong></span> <span class='ocrx_word' id='word_1_79' title='bbox 304 917 336 944; x_wconf 88' lang='grc'>7.</span> <span class='ocrx_word' id='word_1_80' title='bbox 361 915 454 948; x_wconf 76' lang='grc'><strong>1243,</strong></span> <span class='ocrx_word' id='word_1_81' title='bbox 471 916 519 943; x_wconf 87' lang='grc'>26.</span> <span class='ocrx_word' id='word_1_82' title='bbox 543 913 621 955; x_wconf 82' lang='lat' dir='ltr'>(auf</span> <span class='ocrx_word' id='word_1_83' title='bbox 641 914 697 943; x_wconf 81' lang='lat' dir='ltr'>den</span> <span class='ocrx_word' id='word_1_84' title='bbox 713 912 778 953; x_wconf 80' lang='lat' dir='ltr'>Eyd</span> 
     </span>
     <span class='ocr_line' id='line_1_17' title="bbox 119 956 778 994; baseline 0 -10"><span class='ocrx_word' id='word_1_85' title='bbox 119 956 237 992; x_wconf 80' lang='lat' dir='ltr'>treiben,</span> <span class='ocrx_word' id='word_1_86' title='bbox 254 963 282 987; x_wconf 79' lang='lat' dir='ltr'>to</span> <span class='ocrx_word' id='word_1_87' title='bbox 295 956 376 986; x_wconf 81' lang='lat' dir='ltr'>make</span> <span class='ocrx_word' id='word_1_88' title='bbox 393 966 444 986; x_wconf 83' lang='lat' dir='ltr'>one</span> <span class='ocrx_word' id='word_1_89' title='bbox 462 956 582 994; x_wconf 83' lang='lat' dir='ltr'>swear.)</span> <span class='ocrx_word' id='word_1_90' title='bbox 599 958 692 990; x_wconf 78' lang='lat'><strong>1369,</strong></span> <span class='ocrx_word' id='word_1_91' title='bbox 707 966 778 994; x_wconf 87' lang='lat' dir='ltr'>pen.</span> 
     </span>
     <span class='ocr_line' id='line_1_18' title="bbox 121 998 779 1038; baseline -0.002 -10"><span class='ocrx_word' id='word_1_92' title='bbox 121 1000 214 1035; x_wconf 84' lang='lat'><strong>1371,</strong></span> <span class='ocrx_word' id='word_1_93' title='bbox 242 1002 292 1030; x_wconf 87' lang='grc'>17,</span> <span class='ocrx_word' id='word_1_94' title='bbox 325 1001 419 1034; x_wconf 84' lang='grc'><strong>1372,</strong></span> <span class='ocrx_word' id='word_1_95' title='bbox 444 1002 473 1029; x_wconf 88' lang='lat'>1.</span> <span class='ocrx_word' id='word_1_96' title='bbox 522 999 557 1038; x_wconf 93' lang='lat' dir='ltr'>b)</span> <span class='ocrx_word' id='word_1_97' title='bbox 583 998 779 1037; x_wconf 84' lang='lat' dir='ltr'>jurisjurandi</span> 
     </span>
     <span class='ocr_line' id='line_1_19' title="bbox 120 1041 778 1080; baseline 0 -10"><span class='ocrx_word' id='word_1_98' title='bbox 120 1041 267 1080; x_wconf 83' lang='lat' dir='ltr'>religione</span> <span class='ocrx_word' id='word_1_99' title='bbox 283 1042 627 1076; x_wconf 70' lang='lat' dir='ltr'>exsotvere,resecrare.</span> <span class='ocrx_word' id='word_1_100' title='bbox 639 1042 713 1077; x_wconf 79' lang='lat'><strong>535,</strong></span> <span class='ocrx_word' id='word_1_101' title='bbox 726 1044 778 1072; x_wconf 86' lang='grc'>23.</span> 
     </span>
    </p>

    <p class='ocr_par' dir='ltr' id='par_1_7' title="bbox 76 1082 780 1248">
     <span class='ocr_line' id='line_1_20' title="bbox 76 1082 779 1125; baseline 0 -12"><span class='ocrx_word' id='word_1_102' title='bbox 76 1082 241 1125; x_wconf 83' lang='grc' dir='ltr'>ἐξορμίζειν]</span> <span class='ocrx_word' id='word_1_103' title='bbox 265 1095 368 1114; x_wconf 78' lang='lat' dir='ltr'>navem</span> <span class='ocrx_word' id='word_1_104' title='bbox 400 1095 416 1114; x_wconf 91' lang='lat' dir='ltr'>e</span> <span class='ocrx_word' id='word_1_105' title='bbox 446 1091 535 1123; x_wconf 83' lang='lat' dir='ltr'>portu</span> <span class='ocrx_word' id='word_1_106' title='bbox 565 1085 706 1114; x_wconf 81' lang='lat' dir='ltr'>eductum</span> <span class='ocrx_word' id='word_1_107' title='bbox 734 1090 779 1113; x_wconf 85' lang='lat' dir='ltr'>te-</span> 
     </span>
     <span class='ocr_line' id='line_1_21' title="bbox 120 1128 779 1166; baseline -0.002 -9"><span class='ocrx_word' id='word_1_108' title='bbox 120 1137 192 1156; x_wconf 87' lang='lat' dir='ltr'>nere</span> <span class='ocrx_word' id='word_1_109' title='bbox 208 1133 334 1157; x_wconf 81' lang='lat' dir='ltr'>stantem</span> <span class='ocrx_word' id='word_1_110' title='bbox 350 1133 438 1157; x_wconf 81' lang='lat' dir='ltr'>extra</span> <span class='ocrx_word' id='word_1_111' title='bbox 450 1132 566 1166; x_wconf 84' lang='lat' dir='ltr'>portum</span> <span class='ocrx_word' id='word_1_112' title='bbox 581 1128 617 1156; x_wconf 85' lang='lat' dir='ltr'>ad</span> <span class='ocrx_word' id='word_1_113' title='bbox 631 1137 779 1157; x_wconf 84' lang='lat' dir='ltr'>ancoram.</span> 
     </span>
     <span class='ocr_line' id='line_1_22' title="bbox 118 1168 780 1209; baseline 0 -10"><span class='ocrx_word' id='word_1_114' title='bbox 118 1168 268 1209; x_wconf 78' lang='grc' dir='ltr'>ἐξορμίζειν</span> <span class='ocrx_word' id='word_1_115' title='bbox 281 1172 330 1202; x_wconf 73' lang='grc' dir='ltr'>τῆν</span> <span class='ocrx_word' id='word_1_116' title='bbox 343 1172 402 1200; x_wconf 80' lang='grc' dir='ltr'>ναῦν</span> <span class='ocrx_word' id='word_1_117' title='bbox 418 1168 449 1199; x_wconf 76' lang='grc' dir='ltr'>ἐκ</span> <span class='ocrx_word' id='word_1_118' title='bbox 464 1171 512 1199; x_wconf 82' lang='grc' dir='ltr'>τοῦ</span> <span class='ocrx_word' id='word_1_119' title='bbox 529 1168 647 1209; x_wconf 86' lang='grc' dir='ltr'>λιμένος.</span> <span class='ocrx_word' id='word_1_120' title='bbox 660 1172 734 1206; x_wconf 84' lang='grc'><strong>895,</strong></span> <span class='ocrx_word' id='word_1_121' title='bbox 748 1172 780 1200; x_wconf 89' lang='grc'>8.</span> 
     </span>
     <span class='ocr_line' id='line_1_23' title="bbox 123 1215 376 1248; baseline 0.004 -7"><span class='ocrx_word' id='word_1_122' title='bbox 123 1219 153 1241; x_wconf 83' lang='lat' dir='ltr'>et</span> <span class='ocrx_word' id='word_1_123' title='bbox 170 1216 221 1242; x_wconf 82' lang='grc'>11.</span> <span class='ocrx_word' id='word_1_124' title='bbox 237 1215 310 1248; x_wconf 87' lang='grc'><strong>900,</strong></span> <span class='ocrx_word' id='word_1_125' title='bbox 327 1215 376 1242; x_wconf 79' lang='grc'>12.</span> 
     </span>
    </p>

    <p class='ocr_par' dir='ltr' id='par_1_8' title="bbox 77 1253 595 1294">
     <span class='ocr_line' id='line_1_24' title="bbox 77 1253 595 1294; baseline 0.002 -10"><span class='ocrx_word' id='word_1_126' title='bbox 77 1253 228 1294; x_wconf 76' lang='grc' dir='ltr'>ἐξορύττειν</span> <span class='ocrx_word' id='word_1_127' title='bbox 241 1258 295 1289; x_wconf 80' lang='grc' dir='ltr'>τοὶς</span> <span class='ocrx_word' id='word_1_128' title='bbox 309 1254 417 1290; x_wconf 84' lang='grc' dir='ltr'>ἐλαίας.</span> <span class='ocrx_word' id='word_1_129' title='bbox 435 1257 527 1290; x_wconf 87' lang='grc'><strong>1073,</strong></span> <span class='ocrx_word' id='word_1_130' title='bbox 544 1257 595 1286; x_wconf 84' lang='grc'>26.</span> 
     </span>
    </p>

    <p class='ocr_par' dir='ltr' id='par_1_9' title="bbox 76 1296 781 1418">
     <span class='ocr_line' id='line_1_25' title="bbox 76 1296 780 1339; baseline 0.003 -14"><span class='ocrx_word' id='word_1_131' title='bbox 76 1296 267 1339; x_wconf 71' lang='grc' dir='ltr'>ἐξορχεῖσθαι]</span> <span class='ocrx_word' id='word_1_132' title='bbox 298 1299 485 1337; x_wconf 67' lang='lat' dir='ltr'>praesultat-e,</span> <span class='ocrx_word' id='word_1_133' title='bbox 516 1298 721 1336; x_wconf 63' lang='lat' dir='ltr'>praesultorem</span> <span class='ocrx_word' id='word_1_134' title='bbox 749 1308 780 1326; x_wconf 88' lang='lat' dir='ltr'>a·</span> 
     </span>
     <span class='ocr_line' id='line_1_26' title="bbox 120 1339 781 1382; baseline 0 -12"><span class='ocrx_word' id='word_1_135' title='bbox 120 1351 203 1378; x_wconf 81' lang='lat' dir='ltr'>gere.</span> <span class='ocrx_word' id='word_1_136' title='bbox 218 1341 320 1374; x_wconf 80' lang='grc' dir='ltr'>αὐταῖς</span> <span class='ocrx_word' id='word_1_137' title='bbox 340 1339 438 1374; x_wconf 75' lang='grc' dir='ltr'>πέδαις</span> <span class='ocrx_word' id='word_1_138' title='bbox 462 1339 556 1381; x_wconf 74' lang='grc' dir='ltr'>ᾤχετο</span> <span class='ocrx_word' id='word_1_139' title='bbox 579 1340 781 1382; x_wconf 84' lang='grc' dir='ltr'>ἐξορχούμενος.</span> 
     </span>
     <span class='ocr_line' id='line_1_27' title="bbox 121 1385 263 1418; baseline 0.014 -6"><span class='ocrx_word' id='word_1_140' title='bbox 121 1385 195 1418; x_wconf 83' lang='grc'><strong>614,</strong></span> <span class='ocrx_word' id='word_1_141' title='bbox 211 1386 263 1414; x_wconf 81' lang='grc'>23.</span> 
     </span>
    </p>

    <p class='ocr_par' dir='ltr' id='par_1_10' title="bbox 77 1423 782 1934">
     <span class='ocr_line' id='line_1_28' title="bbox 77 1423 780 1467; baseline 0.003 -14"><span class='ocrx_word' id='word_1_142' title='bbox 77 1423 187 1467; x_wconf 82' lang='grc' dir='ltr'>ἐξούλη]</span> <span class='ocrx_word' id='word_1_143' title='bbox 211 1425 321 1464; x_wconf 78' lang='grc' dir='ltr'>ἐξούλης</span> <span class='ocrx_word' id='word_1_144' title='bbox 347 1425 418 1461; x_wconf 77' lang='grc' dir='ltr'><strong>δίκη,</strong></span> <span class='ocrx_word' id='word_1_145' title='bbox 439 1426 519 1456; x_wconf 79' lang='lat' dir='ltr'>actio</span> <span class='ocrx_word' id='word_1_146' title='bbox 536 1427 614 1456; x_wconf 87' lang='lat' dir='ltr'>unde</span> <span class='ocrx_word' id='word_1_147' title='bbox 632 1426 662 1455; x_wconf 82' lang='lat' dir='ltr'>vi</span> <span class='ocrx_word' id='word_1_148' title='bbox 679 1435 780 1455; x_wconf 82' lang='lat' dir='ltr'>manu-</span> 
     </span>
     <span class='ocr_line' id='line_1_29' title="bbox 122 1469 780 1509; baseline 0 -11"><span class='ocrx_word' id='word_1_149' title='bbox 122 1479 191 1507; x_wconf 86' lang='lat' dir='ltr'><strong>que.</strong></span> <span class='ocrx_word' id='word_1_150' title='bbox 212 1469 245 1498; x_wconf 89' lang='lat' dir='ltr'>Si</span> <span class='ocrx_word' id='word_1_151' title='bbox 262 1470 328 1509; x_wconf 85' lang='lat' dir='ltr'>quis</span> <span class='ocrx_word' id='word_1_152' title='bbox 343 1470 381 1498; x_wconf 81' lang='lat' dir='ltr'>de</span> <span class='ocrx_word' id='word_1_153' title='bbox 394 1470 520 1508; x_wconf 86' lang='lat' dir='ltr'>praedio,</span> <span class='ocrx_word' id='word_1_154' title='bbox 534 1470 675 1504; x_wconf 89' lang='lat' dir='ltr'>domove,</span> <span class='ocrx_word' id='word_1_155' title='bbox 691 1479 780 1508; x_wconf 86' lang='lat' dir='ltr'>quam</span> 
     </span>
     <span class='ocr_line' id='line_1_30' title="bbox 121 1510 779 1550; baseline 0 -10"><span class='ocrx_word' id='word_1_156' title='bbox 121 1522 295 1550; x_wconf 86' lang='lat' dir='ltr'>possessum</span> <span class='ocrx_word' id='word_1_157' title='bbox 314 1512 394 1547; x_wconf 73' lang='lat' dir='ltr'>ierit,</span> <span class='ocrx_word' id='word_1_158' title='bbox 421 1510 576 1550; x_wconf 85' lang='grc' dir='ltr'>ἐξίλλεται,</span> <span class='ocrx_word' id='word_1_159' title='bbox 602 1512 779 1550; x_wconf 80' lang='lat' dir='ltr'>expellitur.</span> 
     </span>
     <span class='ocr_line' id='line_1_31' title="bbox 121 1553 780 1595; baseline -0.003 -10"><span class='ocrx_word' id='word_1_160' title='bbox 121 1557 195 1589; x_wconf 69' lang='lat'><strong>598,</strong></span> <span class='ocrx_word' id='word_1_161' title='bbox 214 1557 263 1585; x_wconf 89' lang='grc'>13.</span> <span class='ocrx_word' id='word_1_162' title='bbox 287 1554 397 1592; x_wconf 81' lang='grc' dir='ltr'>ἐξούλης</span> <span class='ocrx_word' id='word_1_163' title='bbox 418 1555 525 1595; x_wconf 76' lang='grc' dir='ltr'>λαχών.</span> <span class='ocrx_word' id='word_1_164' title='bbox 540 1557 615 1589; x_wconf 76' lang='lat'><strong>540,</strong></span> <span class='ocrx_word' id='word_1_165' title='bbox 633 1557 683 1585; x_wconf 76' lang='grc'>24.</span> <span class='ocrx_word' id='word_1_166' title='bbox 707 1553 780 1592; x_wconf 76' lang='grc' dir='ltr'>ἐξού-</span> 
     </span>
     <span class='ocr_line' id='line_1_32' title="bbox 121 1596 780 1636; baseline 0 -11"><span class='ocrx_word' id='word_1_167' title='bbox 121 1603 172 1630; x_wconf 85' lang='grc' dir='ltr'>λης</span> <span class='ocrx_word' id='word_1_168' title='bbox 191 1597 262 1627; x_wconf 72' lang='grc' dir='ltr'>δίκην</span> <span class='ocrx_word' id='word_1_169' title='bbox 287 1596 417 1636; x_wconf 79' lang='grc' dir='ltr'>ὑπομένει</span> <span class='ocrx_word' id='word_1_170' title='bbox 431 1597 548 1636; x_wconf 75' lang='grc' dir='ltr'>φεύγειν.</span> <span class='ocrx_word' id='word_1_171' title='bbox 562 1597 710 1626; x_wconf 73' lang='lat' dir='ltr'>actionem</span> <span class='ocrx_word' id='word_1_172' title='bbox 727 1597 780 1627; x_wconf 86' lang='lat' dir='ltr'>ad-</span> 
     </span>
     <span class='ocr_line' id='line_1_33' title="bbox 122 1640 781 1678; baseline 0.003 -11"><span class='ocrx_word' id='word_1_173' title='bbox 122 1649 228 1669; x_wconf 86' lang='lat' dir='ltr'>versus</span> <span class='ocrx_word' id='word_1_174' title='bbox 244 1650 277 1669; x_wconf 89' lang='lat' dir='ltr'>se</span> <span class='ocrx_word' id='word_1_175' title='bbox 299 1640 415 1669; x_wconf 83' lang='lat' dir='ltr'>institui</span> <span class='ocrx_word' id='word_1_176' title='bbox 438 1640 526 1678; x_wconf 81' lang='lat' dir='ltr'>agive</span> <span class='ocrx_word' id='word_1_177' title='bbox 541 1640 666 1678; x_wconf 87' lang='lat' dir='ltr'>patitur,</span> <span class='ocrx_word' id='word_1_178' title='bbox 683 1645 714 1669; x_wconf 87' lang='lat' dir='ltr'>ut</span> <span class='ocrx_word' id='word_1_179' title='bbox 729 1640 781 1669; x_wconf 87' lang='lat' dir='ltr'>ad-</span> 
     </span>
     <span class='ocr_line' id='line_1_34' title="bbox 122 1682 782 1721; baseline 0.002 -11"><span class='ocrx_word' id='word_1_180' title='bbox 122 1691 231 1711; x_wconf 80' lang='lat' dir='ltr'>versus</span> <span class='ocrx_word' id='word_1_181' title='bbox 253 1693 331 1716; x_wconf 90' lang='lat' dir='ltr'>eum,</span> <span class='ocrx_word' id='word_1_182' title='bbox 354 1682 404 1720; x_wconf 90' lang='lat' dir='ltr'>qui</span> <span class='ocrx_word' id='word_1_183' title='bbox 427 1682 503 1711; x_wconf 87' lang='lat' dir='ltr'>bona</span> <span class='ocrx_word' id='word_1_184' title='bbox 519 1683 723 1721; x_wconf 77' lang='lat' dir='ltr'><strong>pecuniasque</strong></span> <span class='ocrx_word' id='word_1_185' title='bbox 739 1683 782 1711; x_wconf 85' lang='lat' dir='ltr'>al-</span> 
     </span>
     <span class='ocr_line' id='line_1_35' title="bbox 123 1724 782 1763; baseline 0.002 -10"><span class='ocrx_word' id='word_1_186' title='bbox 123 1725 181 1754; x_wconf 84' lang='lat' dir='ltr'>teri</span> <span class='ocrx_word' id='word_1_187' title='bbox 203 1725 321 1754; x_wconf 83' lang='lat' dir='ltr'>debitas</span> <span class='ocrx_word' id='word_1_188' title='bbox 348 1735 402 1763; x_wconf 83' lang='lat' dir='ltr'>per</span> <span class='ocrx_word' id='word_1_189' title='bbox 426 1725 509 1754; x_wconf 78' lang='lat' dir='ltr'>nefas</span> <span class='ocrx_word' id='word_1_190' title='bbox 533 1724 677 1757; x_wconf 73' lang='lat' dir='ltr'>detineat,</span> <span class='ocrx_word' id='word_1_191' title='bbox 693 1724 782 1763; x_wconf 86' lang='lat' dir='ltr'>eique</span> 
     </span>
     <span class='ocr_line' id='line_1_36' title="bbox 122 1766 782 1806; baseline 0 -10"><span class='ocrx_word' id='word_1_192' title='bbox 122 1767 264 1806; x_wconf 85' lang='lat' dir='ltr'>deneget,</span> <span class='ocrx_word' id='word_1_193' title='bbox 284 1767 334 1796; x_wconf 91' lang='lat' dir='ltr'>cui</span> <span class='ocrx_word' id='word_1_194' title='bbox 359 1768 533 1796; x_wconf 83' lang='lat' dir='ltr'>debeantur.</span> <span class='ocrx_word' id='word_1_195' title='bbox 549 1770 623 1803; x_wconf 79' lang='lat'><strong>543,</strong></span> <span class='ocrx_word' id='word_1_196' title='bbox 638 1769 689 1798; x_wconf 85' lang='grc'>27.</span> <span class='ocrx_word' id='word_1_197' title='bbox 709 1766 782 1806; x_wconf 79' lang='grc' dir='ltr'>ἐξού-</span> 
     </span>
     <span class='ocr_line' id='line_1_37' title="bbox 123 1809 782 1849; baseline 0.003 -11"><span class='ocrx_word' id='word_1_198' title='bbox 123 1814 173 1843; x_wconf 83' lang='grc' dir='ltr'>λης</span> <span class='ocrx_word' id='word_1_199' title='bbox 186 1809 217 1839; x_wconf 69' lang='grc' dir='ltr'>ἂν</span> <span class='ocrx_word' id='word_1_200' title='bbox 231 1810 341 1849; x_wconf 72' lang='grc' dir='ltr'>ἔφευγον</span> <span class='ocrx_word' id='word_1_201' title='bbox 354 1812 406 1845; x_wconf 80' lang='grc' dir='ltr'>νῦν,</span> <span class='ocrx_word' id='word_1_202' title='bbox 426 1809 494 1838; x_wconf 76' lang='grc' dir='ltr'>ἀλλ’</span> <span class='ocrx_word' id='word_1_203' title='bbox 506 1810 554 1839; x_wconf 81' lang='grc' dir='ltr'>οὐκ.</span> <span class='ocrx_word' id='word_1_204' title='bbox 568 1810 688 1849; x_wconf 77' lang='grc' dir='ltr'>ἀργυρίου</span> <span class='ocrx_word' id='word_1_205' title='bbox 702 1810 782 1840; x_wconf 66' lang='grc' dir='ltr'>δίκην.</span> 
     </span>
     <span class='ocr_line' id='line_1_38' title="bbox 121 1853 782 1891; baseline -0.002 -9"><span class='ocrx_word' id='word_1_206' title='bbox 121 1857 227 1891; x_wconf 84' lang='lat' dir='ltr'>ageret</span> <span class='ocrx_word' id='word_1_207' title='bbox 253 1863 332 1882; x_wconf 82' lang='lat' dir='ltr'>nuno</span> <span class='ocrx_word' id='word_1_208' title='bbox 359 1863 476 1882; x_wconf 87' lang='lat' dir='ltr'>mecum</span> <span class='ocrx_word' id='word_1_209' title='bbox 499 1863 534 1881; x_wconf 88' lang='lat' dir='ltr'>ex</span> <span class='ocrx_word' id='word_1_210' title='bbox 562 1853 651 1882; x_wconf 82' lang='lat' dir='ltr'>titulo</span> <span class='ocrx_word' id='word_1_211' title='bbox 667 1854 782 1882; x_wconf 78' lang='lat' dir='ltr'>detenti</span> 
     </span>
     <span class='ocr_line' id='line_1_39' title="bbox 122 1894 782 1934; baseline 0.003 -10"><span class='ocrx_word' id='word_1_212' title='bbox 122 1905 177 1934; x_wconf 84' lang='lat' dir='ltr'>per</span> <span class='ocrx_word' id='word_1_213' title='bbox 191 1896 275 1925; x_wconf 87' lang='lat' dir='ltr'>nefas</span> <span class='ocrx_word' id='word_1_214' title='bbox 289 1895 390 1931; x_wconf 68' lang='lat' dir='ltr'>aneni,</span> <span class='ocrx_word' id='word_1_215' title='bbox 405 1905 464 1925; x_wconf 91' lang='lat' dir='ltr'>non</span> <span class='ocrx_word' id='word_1_216' title='bbox 480 1894 548 1924; x_wconf 85' lang='lat' dir='ltr'>aeris</span> <span class='ocrx_word' id='word_1_217' title='bbox 563 1895 669 1925; x_wconf 84' lang='lat' dir='ltr'>debiti.</span> <span class='ocrx_word' id='word_1_218' title='bbox 688 1898 782 1932; x_wconf 85' lang='grc'><strong>1240,</strong></span> 
     </span>
    </p>

    <p class='ocr_par' dir='ltr' id='par_1_11' title="bbox 78 1979 783 2492">
     <span class='ocr_line' id='line_1_40' title="bbox 78 1979 782 2021; baseline 0.003 -11"><span class='ocrx_word' id='word_1_219' title='bbox 78 1979 203 2021; x_wconf 73' lang='grc' dir='ltr'>ἐξουσίαν</span> <span class='ocrx_word' id='word_1_220' title='bbox 226 1980 419 2012; x_wconf 75' lang='grc' dir='ltr'>καταλείπειν.</span> <span class='ocrx_word' id='word_1_221' title='bbox 440 1984 513 2017; x_wconf 80' lang='grc'><strong>213,</strong></span> <span class='ocrx_word' id='word_1_222' title='bbox 540 1982 570 2010; x_wconf 89' lang='grc'>7.</span> <span class='ocrx_word' id='word_1_223' title='bbox 595 1980 705 2021; x_wconf 83' lang='grc' dir='ltr'>ἐξουσία</span> <span class='ocrx_word' id='word_1_224' title='bbox 731 1982 782 2016; x_wconf 70' lang='grc' dir='ltr'>τῆς</span> 
     </span>
     <span class='ocr_line' id='line_1_41' title="bbox 122 2024 782 2065; baseline -0.002 -11"><span class='ocrx_word' id='word_1_225' title='bbox 122 2025 227 2065; x_wconf 71' lang='grc' dir='ltr'>εἰρήνης.</span> <span class='ocrx_word' id='word_1_226' title='bbox 243 2035 310 2054; x_wconf 88' lang='lat' dir='ltr'>cum</span> <span class='ocrx_word' id='word_1_227' title='bbox 337 2035 392 2063; x_wconf 87' lang='lat' dir='ltr'>per</span> <span class='ocrx_word' id='word_1_228' title='bbox 417 2025 501 2063; x_wconf 84' lang='lat' dir='ltr'>pacis</span> <span class='ocrx_word' id='word_1_229' title='bbox 526 2024 644 2054; x_wconf 77' lang='lat' dir='ltr'>veniam</span> <span class='ocrx_word' id='word_1_230' title='bbox 661 2035 696 2054; x_wconf 89' lang='lat' dir='ltr'>ea</span> <span class='ocrx_word' id='word_1_231' title='bbox 711 2024 782 2054; x_wconf 80' lang='lat' dir='ltr'>licet</span> 
     </span>
     <span class='ocr_line' id='line_1_42' title="bbox 121 2067 776 2106; baseline 0 -10"><span class='ocrx_word' id='word_1_232' title='bbox 121 2068 232 2103; x_wconf 76' lang='lat' dir='ltr'>facere,</span> <span class='ocrx_word' id='word_1_233' title='bbox 261 2078 326 2106; x_wconf 85' lang='lat' dir='ltr'>quae</span> <span class='ocrx_word' id='word_1_234' title='bbox 353 2067 433 2097; x_wconf 83' lang='lat' dir='ltr'>bello</span> <span class='ocrx_word' id='word_1_235' title='bbox 462 2072 600 2097; x_wconf 77' lang='lat' dir='ltr'>vetantur</span> <span class='ocrx_word' id='word_1_236' title='bbox 626 2072 657 2097; x_wconf 88' lang='lat' dir='ltr'>et</span> <span class='ocrx_word' id='word_1_237' title='bbox 686 2068 776 2106; x_wconf 83' lang='lat' dir='ltr'>impe-</span> 
     </span>
     <span class='ocr_line' id='line_1_43' title="bbox 122 2109 781 2149; baseline 0 -10"><span class='ocrx_word' id='word_1_238' title='bbox 122 2110 344 2145; x_wconf 69' lang='lat' dir='ltr'>diuntur.240,</span> <span class='ocrx_word' id='word_1_239' title='bbox 359 2113 411 2142; x_wconf 69' lang='lat'>22.</span> <span class='ocrx_word' id='word_1_240' title='bbox 434 2112 513 2140; x_wconf 57' lang='grc' dir='ltr'>ἀλλὰ</span> <span class='ocrx_word' id='word_1_241' title='bbox 543 2110 572 2141; x_wconf 67' lang='grc' dir='ltr'>δὴ</span> <span class='ocrx_word' id='word_1_242' title='bbox 597 2113 636 2140; x_wconf 65' lang='grc' dir='ltr'>τε.</span> <span class='ocrx_word' id='word_1_243' title='bbox 659 2112 708 2142; x_wconf 63' lang='grc' dir='ltr'>τῆς</span> <span class='ocrx_word' id='word_1_244' title='bbox 736 2109 781 2149; x_wconf 72' lang='grc' dir='ltr'>ἐξ-</span> 
     </span>
     <span class='ocr_line' id='line_1_44' title="bbox 121 2151 780 2188; baseline -0.002 -6"><span class='ocrx_word' id='word_1_245' title='bbox 121 2151 226 2186; x_wconf 84' lang='grc' dir='ltr'>ουσίας.</span> <span class='ocrx_word' id='word_1_246' title='bbox 238 2153 293 2182; x_wconf 85' lang='lat' dir='ltr'>sed</span> <span class='ocrx_word' id='word_1_247' title='bbox 308 2153 409 2182; x_wconf 81' lang='lat' dir='ltr'>videte</span> <span class='ocrx_word' id='word_1_248' title='bbox 420 2153 780 2188; x_wconf 81' lang='lat' dir='ltr'>hominisconfidentiam,</span> 
     </span>
     <span class='ocr_line' id='line_1_45' title="bbox 123 2195 782 2234; baseline 0.002 -10"><span class='ocrx_word' id='word_1_249' title='bbox 123 2195 293 2231; x_wconf 83' lang='lat' dir='ltr'>audaciam,</span> <span class='ocrx_word' id='word_1_250' title='bbox 307 2196 517 2234; x_wconf 71' lang='lat' dir='ltr'>arrogantiam.</span> <span class='ocrx_word' id='word_1_251' title='bbox 533 2198 606 2230; x_wconf 84' lang='lat'><strong>403,</strong></span> <span class='ocrx_word' id='word_1_252' title='bbox 625 2199 675 2226; x_wconf 86' lang='grc'>26.</span> <span class='ocrx_word' id='word_1_253' title='bbox 708 2195 782 2234; x_wconf 85' lang='grc' dir='ltr'>ἐξου-</span> 
     </span>
     <span class='ocr_line' id='line_1_46' title="bbox 120 2237 782 2279; baseline 0.002 -12"><span class='ocrx_word' id='word_1_254' title='bbox 120 2237 183 2268; x_wconf 84' lang='grc' dir='ltr'>σίαν</span> <span class='ocrx_word' id='word_1_255' title='bbox 201 2237 307 2268; x_wconf 83' lang='grc' dir='ltr'>ταύτην</span> <span class='ocrx_word' id='word_1_256' title='bbox 332 2239 472 2279; x_wconf 71' lang='grc' dir='ltr'>σχήσετε.</span> <span class='ocrx_word' id='word_1_257' title='bbox 497 2241 571 2273; x_wconf 83' lang='grc'><strong>428,</strong></span> <span class='ocrx_word' id='word_1_258' title='bbox 598 2241 649 2269; x_wconf 76' lang='grc'>22.</span> <span class='ocrx_word' id='word_1_259' title='bbox 673 2245 782 2278; x_wconf 74' lang='grc' dir='ltr'>φιλοτι-</span> 
     </span>
     <span class='ocr_line' id='line_1_47' title="bbox 121 2280 782 2321; baseline 0.002 -11"><span class='ocrx_word' id='word_1_260' title='bbox 121 2280 191 2320; x_wconf 89' lang='grc' dir='ltr'>μίαν</span> <span class='ocrx_word' id='word_1_261' title='bbox 206 2283 254 2311; x_wconf 71' lang='grc' dir='ltr'>τὴν</span> <span class='ocrx_word' id='word_1_262' title='bbox 269 2280 394 2320; x_wconf 83' lang='grc' dir='ltr'>ἐξουσίαν</span> <span class='ocrx_word' id='word_1_263' title='bbox 409 2281 482 2321; x_wconf 64' lang='grc' dir='ltr'>πρὸς</span> <span class='ocrx_word' id='word_1_264' title='bbox 492 2282 555 2315; x_wconf 74' lang='grc' dir='ltr'>τοὺς</span> <span class='ocrx_word' id='word_1_265' title='bbox 564 2281 676 2320; x_wconf 80' lang='grc' dir='ltr'>ὁρῶντας</span> <span class='ocrx_word' id='word_1_266' title='bbox 692 2281 782 2311; x_wconf 87' lang='grc' dir='ltr'>ποιού-</span> 
     </span>
     <span class='ocr_line' id='line_1_48' title="bbox 120 2324 783 2362; baseline 0 -8"><span class='ocrx_word' id='word_1_267' title='bbox 120 2335 211 2362; x_wconf 84' lang='grc' dir='ltr'>μενος.</span> <span class='ocrx_word' id='word_1_268' title='bbox 236 2324 266 2354; x_wconf 91' lang='lat' dir='ltr'>in</span> <span class='ocrx_word' id='word_1_269' title='bbox 290 2324 412 2353; x_wconf 81' lang='lat' dir='ltr'>licentia</span> <span class='ocrx_word' id='word_1_270' title='bbox 438 2334 470 2353; x_wconf 86' lang='lat' dir='ltr'>se</span> <span class='ocrx_word' id='word_1_271' title='bbox 492 2325 624 2362; x_wconf 83' lang='lat' dir='ltr'>jactans.</span> <span class='ocrx_word' id='word_1_272' title='bbox 644 2325 739 2361; x_wconf 79' lang='grc'><strong>1356,</strong></span> <span class='ocrx_word' id='word_1_273' title='bbox 752 2327 783 2354; x_wconf 86' lang='grc'>2.</span> 
     </span>
     <span class='ocr_line' id='line_1_49' title="bbox 122 2365 782 2407; baseline 0 -11"><span class='ocrx_word' id='word_1_274' title='bbox 122 2366 148 2396; x_wconf 85' lang='grc' dir='ltr'>ἐν</span> <span class='ocrx_word' id='word_1_275' title='bbox 173 2366 290 2407; x_wconf 77' lang='grc' dir='ltr'>τοιαύτη</span> <span class='ocrx_word' id='word_1_276' title='bbox 324 2366 404 2406; x_wconf 71' lang='grc' dir='ltr'>οἶμαι</span> <span class='ocrx_word' id='word_1_277' title='bbox 440 2365 550 2406; x_wconf 77' lang='grc' dir='ltr'>ἐξουσία</span> <span class='ocrx_word' id='word_1_278' title='bbox 583 2366 782 2406; x_wconf 83' lang='grc' dir='ltr'>τεθραμμένη.</span> 
     </span>
     <span class='ocr_line' id='line_1_50' title="bbox 124 2408 783 2450; baseline -0.002 -11"><span class='ocrx_word' id='word_1_279' title='bbox 124 2412 219 2445; x_wconf 80' lang='grc'><strong>1362,</strong></span> <span class='ocrx_word' id='word_1_280' title='bbox 237 2412 287 2440; x_wconf 81' lang='grc'>13.</span> <span class='ocrx_word' id='word_1_281' title='bbox 310 2408 495 2442; x_wconf 66' lang='grc' dir='ltr'>ἀνουθέτητος</span> <span class='ocrx_word' id='word_1_282' title='bbox 513 2408 556 2446; x_wconf 75' lang='grc' dir='ltr'>ὢν,</span> <span class='ocrx_word' id='word_1_283' title='bbox 572 2409 694 2445; x_wconf 74' lang='grc' dir='ltr'>εἶκότως,</span> <span class='ocrx_word' id='word_1_284' title='bbox 715 2421 783 2450; x_wconf 83' lang='grc' dir='ltr'>τρα-</span> 
     </span>
     <span class='ocr_line' id='line_1_51' title="bbox 122 2451 529 2492; baseline 0 -10"><span class='ocrx_word' id='word_1_285' title='bbox 122 2452 183 2492; x_wconf 75' lang='grc' dir='ltr'>φεὶς</span> <span class='ocrx_word' id='word_1_286' title='bbox 193 2452 218 2483; x_wconf 86' lang='grc' dir='ltr'>ἐν</span> <span class='ocrx_word' id='word_1_287' title='bbox 233 2451 354 2492; x_wconf 76' lang='grc' dir='ltr'>ἐξουσία.</span> <span class='ocrx_word' id='word_1_288' title='bbox 370 2455 464 2489; x_wconf 84' lang='grc'><strong>1477,</strong></span> <span class='ocrx_word' id='word_1_289' title='bbox 476 2455 529 2483; x_wconf 82' lang='lat'>14.</span> 
     </span>
    </p>

    <p class='ocr_par' dir='ltr' id='par_1_12' title="bbox 82 2494 784 2963">
     <span class='ocr_line' id='line_1_52' title="bbox 82 2494 784 2536; baseline -0.001 -11"><span class='ocrx_word' id='word_1_290' title='bbox 82 2494 149 2535; x_wconf 82' lang='grc' dir='ltr'>ἔξω]</span> <span class='ocrx_word' id='word_1_291' title='bbox 162 2495 254 2536; x_wconf 82' lang='lat' dir='ltr'>foris,</span> <span class='ocrx_word' id='word_1_292' title='bbox 271 2496 299 2525; x_wconf 91' lang='grc'>11.</span> <span class='ocrx_word' id='word_1_293' title='bbox 319 2506 346 2525; x_wconf 88' lang='lat' dir='ltr'>e.</span> <span class='ocrx_word' id='word_1_294' title='bbox 370 2495 401 2524; x_wconf 87' lang='lat' dir='ltr'>in</span> <span class='ocrx_word' id='word_1_295' title='bbox 424 2506 543 2534; x_wconf 86' lang='lat' dir='ltr'>campo,</span> <span class='ocrx_word' id='word_1_296' title='bbox 558 2494 588 2524; x_wconf 91' lang='lat' dir='ltr'>in</span> <span class='ocrx_word' id='word_1_297' title='bbox 612 2495 733 2531; x_wconf 81' lang='lat' dir='ltr'>castris,</span> <span class='ocrx_word' id='word_1_298' title='bbox 750 2500 784 2525; x_wconf 79' lang='lat' dir='ltr'>ut</span> 
     </span>
     <span class='ocr_line' id='line_1_53' title="bbox 125 2537 782 2577; baseline 0.002 -10"><span class='ocrx_word' id='word_1_299' title='bbox 125 2544 293 2576; x_wconf 80' lang='lat' dir='ltr'>opponatur</span> <span class='ocrx_word' id='word_1_300' title='bbox 307 2537 348 2574; x_wconf 87' lang='lat' dir='ltr'>ei,</span> <span class='ocrx_word' id='word_1_301' title='bbox 360 2539 440 2577; x_wconf 89' lang='lat' dir='ltr'>quod</span> <span class='ocrx_word' id='word_1_302' title='bbox 456 2540 543 2572; x_wconf 77' lang='lat' dir='ltr'>domi,</span> <span class='ocrx_word' id='word_1_303' title='bbox 558 2538 587 2567; x_wconf 93' lang='lat' dir='ltr'>h.</span> <span class='ocrx_word' id='word_1_304' title='bbox 602 2549 629 2568; x_wconf 88' lang='lat' dir='ltr'>e.</span> <span class='ocrx_word' id='word_1_305' title='bbox 649 2538 678 2567; x_wconf 92' lang='lat' dir='ltr'>in</span> <span class='ocrx_word' id='word_1_306' title='bbox 698 2539 782 2573; x_wconf 85' lang='lat' dir='ltr'>urbe,</span> 
     </span>
     <span class='ocr_line' id='line_1_54' title="bbox 125 2580 782 2620; baseline 0.003 -12"><span class='ocrx_word' id='word_1_307' title='bbox 125 2581 175 2608; x_wconf 78' lang='lat' dir='ltr'>vel</span> <span class='ocrx_word' id='word_1_308' title='bbox 201 2591 275 2619; x_wconf 81' lang='lat' dir='ltr'>pace</span> <span class='ocrx_word' id='word_1_309' title='bbox 300 2586 355 2610; x_wconf 82' lang='lat' dir='ltr'>est.</span> <span class='ocrx_word' id='word_1_310' title='bbox 384 2580 436 2620; x_wconf 80' lang='grc' dir='ltr'>ἔξω</span> <span class='ocrx_word' id='word_1_311' title='bbox 464 2580 608 2619; x_wconf 84' lang='grc' dir='ltr'>γενέσθαι.</span> <span class='ocrx_word' id='word_1_312' title='bbox 639 2583 688 2615; x_wconf 89' lang='grc'>16,</span> <span class='ocrx_word' id='word_1_313' title='bbox 713 2592 782 2620; x_wconf 88' lang='lat' dir='ltr'>pen.</span> 
     </span>
     <span class='ocr_line' id='line_1_55' title="bbox 126 2620 784 2659; baseline 0.003 -8"><span class='ocrx_word' id='word_1_314' title='bbox 126 2620 178 2659; x_wconf 80' lang='grc' dir='ltr'>ἔξω</span> <span class='ocrx_word' id='word_1_315' title='bbox 197 2625 251 2652; x_wconf 77' lang='grc' dir='ltr'>τῶν</span> <span class='ocrx_word' id='word_1_316' title='bbox 270 2624 392 2653; x_wconf 80' lang='grc' dir='ltr'>ὁπλιτῶν</span> <span class='ocrx_word' id='word_1_317' title='bbox 411 2624 460 2653; x_wconf 80' lang='grc' dir='ltr'>καὶ</span> <span class='ocrx_word' id='word_1_318' title='bbox 482 2627 536 2654; x_wconf 78' lang='grc' dir='ltr'>τῶν</span> <span class='ocrx_word' id='word_1_319' title='bbox 558 2622 674 2654; x_wconf 61' lang='grc' dir='ltr'>ἱππέων</span> <span class='ocrx_word' id='word_1_320' title='bbox 693 2622 784 2654; x_wconf 75' lang='grc' dir='ltr'>ὄντων.</span> 
     </span>
     <span class='ocr_line' id='line_1_56' title="bbox 127 2666 782 2707; baseline 0.005 -14"><span class='ocrx_word' id='word_1_321' title='bbox 127 2674 193 2694; x_wconf 84' lang='lat' dir='ltr'>oum</span> <span class='ocrx_word' id='word_1_322' title='bbox 217 2666 264 2695; x_wconf 83' lang='lat' dir='ltr'>sui</span> <span class='ocrx_word' id='word_1_323' title='bbox 285 2666 529 2707; x_wconf 80' lang='lat' dir='ltr'>(Thebanorum)</span> <span class='ocrx_word' id='word_1_324' title='bbox 552 2667 732 2705; x_wconf 81' lang='lat' dir='ltr'>peditesque</span> <span class='ocrx_word' id='word_1_325' title='bbox 753 2677 782 2696; x_wconf 90' lang='lat' dir='ltr'>e-</span> 
     </span>
     <span class='ocr_line' id='line_1_57' title="bbox 128 2707 782 2748; baseline 0.003 -12"><span class='ocrx_word' id='word_1_326' title='bbox 128 2707 288 2746; x_wconf 83' lang='lat' dir='ltr'>quitesque</span> <span class='ocrx_word' id='word_1_327' title='bbox 314 2708 360 2748; x_wconf 88' lang='lat' dir='ltr'>(h.</span> <span class='ocrx_word' id='word_1_328' title='bbox 381 2720 409 2739; x_wconf 88' lang='lat' dir='ltr'>e.</span> <span class='ocrx_word' id='word_1_329' title='bbox 431 2709 582 2739; x_wconf 84' lang='lat' dir='ltr'>universae</span> <span class='ocrx_word' id='word_1_330' title='bbox 602 2710 716 2748; x_wconf 73' lang='lat' dir='ltr'>copiae)</span> <span class='ocrx_word' id='word_1_331' title='bbox 738 2710 782 2738; x_wconf 85' lang='lat' dir='ltr'>fo-</span> 
     </span>
     <span class='ocr_line' id='line_1_58' title="bbox 127 2750 783 2791; baseline 0.005 -12"><span class='ocrx_word' id='word_1_332' title='bbox 127 2751 180 2786; x_wconf 87' lang='lat' dir='ltr'>ris,</span> <span class='ocrx_word' id='word_1_333' title='bbox 193 2751 249 2780; x_wconf 88' lang='lat' dir='ltr'>sub</span> <span class='ocrx_word' id='word_1_334' title='bbox 267 2750 330 2785; x_wconf 88' lang='lat' dir='ltr'><strong>dio,</strong></span> <span class='ocrx_word' id='word_1_335' title='bbox 344 2753 400 2781; x_wconf 85' lang='lat' dir='ltr'>sub</span> <span class='ocrx_word' id='word_1_336' title='bbox 412 2753 543 2791; x_wconf 78' lang='lat' dir='ltr'>peliihus</span> <span class='ocrx_word' id='word_1_337' title='bbox 558 2756 694 2791; x_wconf 79' lang='lat' dir='ltr'>agerent.</span> <span class='ocrx_word' id='word_1_338' title='bbox 708 2754 783 2787; x_wconf 87' lang='grc'><strong>299,</strong></span> 
     </span>
     <span class='ocr_line' id='line_1_59' title="bbox 125 2794 783 2835; baseline 0.002 -12"><span class='ocrx_word' id='word_1_339' title='bbox 125 2804 196 2833; x_wconf 83' lang='lat' dir='ltr'>pen.</span> <span class='ocrx_word' id='word_1_340' title='bbox 215 2795 265 2824; x_wconf 77' lang='grc' dir='ltr'>τοῦ</span> <span class='ocrx_word' id='word_1_341' title='bbox 280 2794 405 2835; x_wconf 75' lang='grc' dir='ltr'>πάσχειν</span> <span class='ocrx_word' id='word_1_342' title='bbox 419 2795 497 2825; x_wconf 74' lang='grc' dir='ltr'>αὐτοὶ</span> <span class='ocrx_word' id='word_1_343' title='bbox 516 2798 607 2829; x_wconf 83' lang='grc' dir='ltr'>κακῶς</span> <span class='ocrx_word' id='word_1_344' title='bbox 631 2795 684 2834; x_wconf 81' lang='grc' dir='ltr'>ἔξω</span> <span class='ocrx_word' id='word_1_345' title='bbox 709 2795 783 2833; x_wconf 74' lang='grc' dir='ltr'>γενη-</span> 
     </span>
     <span class='ocr_line' id='line_1_60' title="bbox 125 2836 783 2876; baseline 0 -9"><span class='ocrx_word' id='word_1_346' title='bbox 125 2837 227 2869; x_wconf 81' lang='grc' dir='ltr'>σεσθε.</span> <span class='ocrx_word' id='word_1_347' title='bbox 243 2840 296 2873; x_wconf 87' lang='grc'>49,</span> <span class='ocrx_word' id='word_1_348' title='bbox 312 2838 362 2867; x_wconf 90' lang='grc'>25.</span> <span class='ocrx_word' id='word_1_349' title='bbox 386 2837 439 2876; x_wconf 83' lang='grc' dir='ltr'>ἔξω</span> <span class='ocrx_word' id='word_1_350' title='bbox 462 2836 594 2870; x_wconf 65' lang='grc' dir='ltr'>βλέπειν.</span> <span class='ocrx_word' id='word_1_351' title='bbox 615 2839 653 2867; x_wconf 85' lang='lat' dir='ltr'>ad</span> <span class='ocrx_word' id='word_1_352' title='bbox 680 2838 783 2867; x_wconf 86' lang='lat' dir='ltr'>amici-</span> 
     </span>
     <span class='ocr_line' id='line_1_61' title="bbox 126 2880 783 2919; baseline -0.003 -8"><span class='ocrx_word' id='word_1_353' title='bbox 126 2881 184 2911; x_wconf 86' lang='lat' dir='ltr'>tias</span> <span class='ocrx_word' id='word_1_354' title='bbox 196 2886 356 2910; x_wconf 80' lang='lat' dir='ltr'>extraneas</span> <span class='ocrx_word' id='word_1_355' title='bbox 371 2885 551 2918; x_wconf 82' lang='lat' dir='ltr'>respectare.</span> <span class='ocrx_word' id='word_1_356' title='bbox 572 2882 646 2915; x_wconf 83' lang='grc'><strong>332,</strong></span> <span class='ocrx_word' id='word_1_357' title='bbox 663 2881 714 2910; x_wconf 88' lang='grc'>15.</span> <span class='ocrx_word' id='word_1_358' title='bbox 730 2880 783 2919; x_wconf 82' lang='grc' dir='ltr'>ἔξω</span> 
     </span>
     <span class='ocr_line' id='line_1_62' title="bbox 125 2921 784 2963; baseline 0 -10"><span class='ocrx_word' id='word_1_359' title='bbox 125 2925 212 2958; x_wconf 75' lang='grc' dir='ltr'>αὑτῆς</span> <span class='ocrx_word' id='word_1_360' title='bbox 227 2921 297 2953; x_wconf 68' lang='grc' dir='ltr'>οὖσα</span> <span class='ocrx_word' id='word_1_361' title='bbox 311 2922 364 2953; x_wconf 79' lang='grc' dir='ltr'>ὑπὸ</span> <span class='ocrx_word' id='word_1_362' title='bbox 380 2924 427 2951; x_wconf 77' lang='grc' dir='ltr'>τοῦ</span> <span class='ocrx_word' id='word_1_363' title='bbox 451 2923 535 2951; x_wconf 83' lang='grc' dir='ltr'>κακοῦ</span> <span class='ocrx_word' id='word_1_364' title='bbox 555 2922 602 2951; x_wconf 80' lang='grc' dir='ltr'>καὶ</span> <span class='ocrx_word' id='word_1_365' title='bbox 627 2923 677 2952; x_wconf 78' lang='grc' dir='ltr'>τοῦ</span> <span class='ocrx_word' id='word_1_366' title='bbox 700 2923 784 2963; x_wconf 83' lang='grc' dir='ltr'>τραύ-</span> 
     </span>
    </p>
   </div>
   <div class='ocr_carea' id='block_1_3' title="bbox 124 2964 785 3006">
    <p class='ocr_par' dir='ltr' id='par_1_13' title="bbox 124 2964 785 3006">
     <span class='ocr_line' id='line_1_63' title="bbox 124 2964 785 3006; baseline -0.002 -10"><span class='ocrx_word' id='word_1_367' title='bbox 124 2978 219 3005; x_wconf 81' lang='grc' dir='ltr'>ματος</span> <span class='ocrx_word' id='word_1_368' title='bbox 233 2969 247 2998; x_wconf 80' lang='grc' dir='ltr'>ἦ</span> <span class='ocrx_word' id='word_1_369' title='bbox 259 2966 333 3005; x_wconf 74' lang='grc' dir='ltr'>γυνή.</span> <span class='ocrx_word' id='word_1_370' title='bbox 348 2967 423 3001; x_wconf 86' lang='grc'><strong>403,</strong></span> <span class='ocrx_word' id='word_1_371' title='bbox 436 2968 466 2995; x_wconf 86' lang='lat'>4.</span> <span class='ocrx_word' id='word_1_372' title='bbox 489 2965 552 2998; x_wconf 77' lang='grc' dir='ltr'>τοὺς</span> <span class='ocrx_word' id='word_1_373' title='bbox 567 2964 595 2994; x_wconf 77' lang='grc' dir='ltr'>δὲ</span> <span class='ocrx_word' id='word_1_374' title='bbox 615 2965 720 3006; x_wconf 84' lang='grc' dir='ltr'>χείρους</span> <span class='ocrx_word' id='word_1_375' title='bbox 730 2965 785 3006; x_wconf 80' lang='grc' dir='ltr'>μὲν</span> 
     </span>
    </p>
   </div>
   <div class='ocr_carea' id='block_1_4' title="bbox 1433 165 1510 208">
    <p class='ocr_par' dir='ltr' id='par_1_14' title="bbox 1433 165 1510 208">
     <span class='ocr_line' id='line_1_64' title="bbox 1433 165 1510 208; baseline 0.013 -1"><span class='ocrx_word' id='word_1_376' title='bbox 1433 165 1510 208; x_wconf 90' lang='grc'>119</span> 
     </span>
    </p>
   </div>
   <div class='ocr_carea' id='block_1_5' title="bbox 813 271 1526 3002">
    <p class='ocr_par' dir='ltr' id='par_1_15' title="bbox 848 271 1517 1208">
     <span class='ocr_line' id='line_1_65' title="bbox 848 271 1507 313; baseline -0.005 -9"><span class='ocrx_word' id='word_1_377' title='bbox 848 273 963 309; x_wconf 74' lang='grc' dir='ltr'>τούτων,</span> <span class='ocrx_word' id='word_1_378' title='bbox 977 272 1030 311; x_wconf 76' lang='grc' dir='ltr'>ἔξω</span> <span class='ocrx_word' id='word_1_379' title='bbox 1045 271 1074 302; x_wconf 73' lang='grc' dir='ltr'>δὲ</span> <span class='ocrx_word' id='word_1_380' title='bbox 1087 273 1135 302; x_wconf 75' lang='grc' dir='ltr'>τοῦ</span> <span class='ocrx_word' id='word_1_381' title='bbox 1146 274 1269 313; x_wconf 78' lang='grc' dir='ltr'>πονηροὺς</span> <span class='ocrx_word' id='word_1_382' title='bbox 1282 272 1352 311; x_wconf 71' lang='grc' dir='ltr'>ἄγαν</span> <span class='ocrx_word' id='word_1_383' title='bbox 1367 271 1507 304; x_wconf 72' lang='grc' dir='ltr'>κληθῆναι.</span> 
     </span>
     <span class='ocr_line' id='line_1_66' title="bbox 849 315 1506 356; baseline 0 -10"><span class='ocrx_word' id='word_1_384' title='bbox 849 319 899 355; x_wconf 86' lang='lat' dir='ltr'>qui</span> <span class='ocrx_word' id='word_1_385' title='bbox 912 317 1043 346; x_wconf 87' lang='lat' dir='ltr'>nondum</span> <span class='ocrx_word' id='word_1_386' title='bbox 1060 315 1097 344; x_wconf 79' lang='lat' dir='ltr'>ad</span> <span class='ocrx_word' id='word_1_387' title='bbox 1110 316 1217 344; x_wconf 78' lang='lat' dir='ltr'>famam</span> <span class='ocrx_word' id='word_1_388' title='bbox 1232 327 1356 354; x_wconf 82' lang='lat' dir='ltr'>prorsus</span> <span class='ocrx_word' id='word_1_389' title='bbox 1372 315 1506 356; x_wconf 79' lang='lat' dir='ltr'>perditu-</span> 
     </span>
     <span class='ocr_line' id='line_1_67' title="bbox 850 358 1510 398; baseline -0.002 -9"><span class='ocrx_word' id='word_1_390' title='bbox 850 370 914 389; x_wconf 83' lang='lat' dir='ltr'>rum</span> <span class='ocrx_word' id='word_1_391' title='bbox 931 364 961 389; x_wconf 86' lang='lat' dir='ltr'>et</span> <span class='ocrx_word' id='word_1_392' title='bbox 974 358 1199 397; x_wconf 80' lang='lat' dir='ltr'>profligatorum</span> <span class='ocrx_word' id='word_1_393' title='bbox 1215 358 1365 388; x_wconf 86' lang='lat' dir='ltr'>hominum</span> <span class='ocrx_word' id='word_1_394' title='bbox 1383 358 1510 398; x_wconf 82' lang='lat' dir='ltr'>grassati</span> 
     </span>
     <span class='ocr_line' id='line_1_68' title="bbox 849 398 1510 438; baseline -0.002 -8"><span class='ocrx_word' id='word_1_395' title='bbox 849 407 930 431; x_wconf 83' lang='lat' dir='ltr'>sunt.</span> <span class='ocrx_word' id='word_1_396' title='bbox 945 403 1063 438; x_wconf 83' lang='grc'><strong>798,3.</strong></span> <span class='ocrx_word' id='word_1_397' title='bbox 1085 399 1137 437; x_wconf 82' lang='grc' dir='ltr'>ἔξω</span> <span class='ocrx_word' id='word_1_398' title='bbox 1153 398 1233 428; x_wconf 77' lang='grc' dir='ltr'>πέντ’</span> <span class='ocrx_word' id='word_1_399' title='bbox 1247 399 1323 428; x_wconf 79' lang='grc' dir='ltr'>ἐτῶν.</span> <span class='ocrx_word' id='word_1_400' title='bbox 1340 406 1410 438; x_wconf 86' lang='lat' dir='ltr'>post</span> <span class='ocrx_word' id='word_1_401' title='bbox 1425 401 1510 438; x_wconf 87' lang='lat' dir='ltr'>quin·</span> 
     </span>
     <span class='ocr_line' id='line_1_69' title="bbox 848 441 1510 483; baseline -0.002 -10"><span class='ocrx_word' id='word_1_402' title='bbox 848 443 1020 483; x_wconf 79' lang='lat' dir='ltr'>quenuium.</span> <span class='ocrx_word' id='word_1_403' title='bbox 1041 444 1113 477; x_wconf 86' lang='grc'><strong>989,</strong></span> <span class='ocrx_word' id='word_1_404' title='bbox 1124 444 1175 472; x_wconf 81' lang='grc'>27.</span> <span class='ocrx_word' id='word_1_405' title='bbox 1196 441 1268 482; x_wconf 72' lang='grc' dir='ltr'>ιιοινῇΙ</span> <span class='ocrx_word' id='word_1_406' title='bbox 1282 442 1386 475; x_wconf 81' lang='grc' dir='ltr'>πάντες</span> <span class='ocrx_word' id='word_1_407' title='bbox 1400 443 1421 471; x_wconf 81' lang='grc' dir='ltr'>οῗ</span> <span class='ocrx_word' id='word_1_408' title='bbox 1438 442 1510 472; x_wconf 82' lang='grc' dir='ltr'>σύσ-</span> 
     </span>
     <span class='ocr_line' id='line_1_70' title="bbox 850 483 1511 527; baseline -0.003 -11"><span class='ocrx_word' id='word_1_409' title='bbox 850 498 923 516; x_wconf 88' lang='grc' dir='ltr'>σιτοι</span> <span class='ocrx_word' id='word_1_410' title='bbox 951 485 1161 527; x_wconf 67' lang='grc' dir='ltr'>προσελθόντες,</span> <span class='ocrx_word' id='word_1_411' title='bbox 1189 484 1236 513; x_wconf 71' lang='grc' dir='ltr'>οὐκ.</span> <span class='ocrx_word' id='word_1_412' title='bbox 1262 483 1316 522; x_wconf 81' lang='grc' dir='ltr'>ἐγὼ</span> <span class='ocrx_word' id='word_1_413' title='bbox 1340 487 1393 513; x_wconf 65' lang='grc' dir='ltr'>τῶν</span> <span class='ocrx_word' id='word_1_414' title='bbox 1417 485 1511 514; x_wconf 83' lang='grc' dir='ltr'>ἄλλων</span> 
     </span>
     <span class='ocr_line' id='line_1_71' title="bbox 851 527 1511 569; baseline -0.003 -10"><span class='ocrx_word' id='word_1_415' title='bbox 851 529 902 567; x_wconf 77' lang='grc' dir='ltr'>ἐ’ξω</span> <span class='ocrx_word' id='word_1_416' title='bbox 926 529 974 568; x_wconf 87' lang='lat' dir='ltr'>(id</span> <span class='ocrx_word' id='word_1_417' title='bbox 992 534 1050 564; x_wconf 77' lang='lat' dir='ltr'>est,</span> <span class='ocrx_word' id='word_1_418' title='bbox 1074 527 1182 569; x_wconf 84' lang='grc' dir='ltr'>χωρίς).</span> <span class='ocrx_word' id='word_1_419' title='bbox 1206 528 1299 561; x_wconf 81' lang='grc'><strong>1257,</strong></span> <span class='ocrx_word' id='word_1_420' title='bbox 1322 529 1373 557; x_wconf 88' lang='grc'>23.</span> <span class='ocrx_word' id='word_1_421' title='bbox 1395 527 1461 565; x_wconf 80' lang='grc' dir='ltr'>ὑμῖν</span> <span class='ocrx_word' id='word_1_422' title='bbox 1483 527 1511 557; x_wconf 73' lang='grc' dir='ltr'>δὲ</span> 
     </span>
     <span class='ocr_line' id='line_1_72' title="bbox 851 568 1511 609; baseline -0.003 -8"><span class='ocrx_word' id='word_1_423' title='bbox 851 573 910 606; x_wconf 79' lang='grc' dir='ltr'>τοῖς</span> <span class='ocrx_word' id='word_1_424' title='bbox 923 571 1019 604; x_wconf 77' lang='grc' dir='ltr'>ἄλλοις</span> <span class='ocrx_word' id='word_1_425' title='bbox 1036 572 1092 604; x_wconf 84' lang='grc' dir='ltr'>τοῖς</span> <span class='ocrx_word' id='word_1_426' title='bbox 1107 570 1158 608; x_wconf 78' lang='grc' dir='ltr'>ἔξω</span> <span class='ocrx_word' id='word_1_427' title='bbox 1176 571 1223 600; x_wconf 77' lang='grc' dir='ltr'>τοῦ</span> <span class='ocrx_word' id='word_1_428' title='bbox 1244 569 1426 609; x_wconf 63' lang='grc' dir='ltr'>(πράγματος</span> <span class='ocrx_word' id='word_1_429' title='bbox 1440 568 1511 601; x_wconf 68' lang='grc' dir='ltr'>οἶσι.</span> 
     </span>
     <span class='ocr_line' id='line_1_73' title="bbox 852 610 1510 652; baseline -0.005 -8"><span class='ocrx_word' id='word_1_430' title='bbox 852 617 925 650; x_wconf 84' lang='grc'><strong>519,</strong></span> <span class='ocrx_word' id='word_1_431' title='bbox 941 618 992 645; x_wconf 88' lang='grc'>21.</span> <span class='ocrx_word' id='word_1_432' title='bbox 1016 613 1068 652; x_wconf 78' lang='grc' dir='ltr'>ἔξω</span> <span class='ocrx_word' id='word_1_433' title='bbox 1083 612 1179 652; x_wconf 89' lang='grc' dir='ltr'>μέσων</span> <span class='ocrx_word' id='word_1_434' title='bbox 1190 614 1290 642; x_wconf 73' lang='grc' dir='ltr'>νυκτῶν</span> <span class='ocrx_word' id='word_1_435' title='bbox 1300 612 1365 642; x_wconf 77' lang='grc' dir='ltr'>εῖναι</span> <span class='ocrx_word' id='word_1_436' title='bbox 1381 610 1510 643; x_wconf 80' lang='grc' dir='ltr'>ἐποίησαν</span> 
     </span>
     <span class='ocr_line' id='line_1_74' title="bbox 852 655 1513 697; baseline -0.005 -9"><span class='ocrx_word' id='word_1_437' title='bbox 852 660 900 688; x_wconf 78' lang='grc' dir='ltr'>την</span> <span class='ocrx_word' id='word_1_438' title='bbox 923 657 998 697; x_wconf 71' lang='grc' dir='ltr'>ὤραν.</span> <span class='ocrx_word' id='word_1_439' title='bbox 1026 661 1222 686; x_wconf 79' lang='lat' dir='ltr'>extraxerunt</span> <span class='ocrx_word' id='word_1_440' title='bbox 1253 655 1404 694; x_wconf 78' lang='lat' dir='ltr'>negotium</span> <span class='ocrx_word' id='word_1_441' title='bbox 1433 655 1513 685; x_wconf 83' lang='lat' dir='ltr'>ultra</span> 
     </span>
     <span class='ocr_line' id='line_1_75' title="bbox 853 697 1514 738; baseline -0.003 -9"><span class='ocrx_word' id='word_1_442' title='bbox 853 700 981 729; x_wconf 80' lang='lat' dir='ltr'>mediam</span> <span class='ocrx_word' id='word_1_443' title='bbox 995 704 1123 728; x_wconf 82' lang='lat' dir='ltr'>noctem.</span> <span class='ocrx_word' id='word_1_444' title='bbox 1140 700 1235 733; x_wconf 84' lang='grc'><strong>1265,</strong></span> <span class='ocrx_word' id='word_1_445' title='bbox 1252 700 1283 728; x_wconf 87' lang='grc'>3.</span> <span class='ocrx_word' id='word_1_446' title='bbox 1306 697 1359 736; x_wconf 78' lang='grc' dir='ltr'>ἐ’ξω</span> <span class='ocrx_word' id='word_1_447' title='bbox 1374 698 1423 726; x_wconf 79' lang='grc' dir='ltr'>τοῦ</span> <span class='ocrx_word' id='word_1_448' title='bbox 1440 699 1514 738; x_wconf 76' lang='grc' dir='ltr'>πρά·</span> 
     </span>
     <span class='ocr_line' id='line_1_76' title="bbox 852 741 1514 782; baseline 0 -11"><span class='ocrx_word' id='word_1_449' title='bbox 852 753 967 782; x_wconf 84' lang='grc' dir='ltr'>γματος</span> <span class='ocrx_word' id='word_1_450' title='bbox 989 742 1184 781; x_wconf 74' lang='grc' dir='ltr'>Βλασφημεῖν.</span> <span class='ocrx_word' id='word_1_451' title='bbox 1211 741 1338 770; x_wconf 84' lang='lat' dir='ltr'>nefanda</span> <span class='ocrx_word' id='word_1_452' title='bbox 1353 741 1446 769; x_wconf 79' lang='lat' dir='ltr'>verba</span> <span class='ocrx_word' id='word_1_453' title='bbox 1465 743 1514 780; x_wconf 88' lang='lat' dir='ltr'>ja-</span> 
     </span>
     <span class='ocr_line' id='line_1_77' title="bbox 853 783 1514 823; baseline 0.003 -10"><span class='ocrx_word' id='word_1_454' title='bbox 853 790 935 814; x_wconf 86' lang='lat' dir='ltr'>ctare</span> <span class='ocrx_word' id='word_1_455' title='bbox 946 795 962 813; x_wconf 90' lang='lat' dir='ltr'>a</span> <span class='ocrx_word' id='word_1_456' title='bbox 972 795 1060 814; x_wconf 81' lang='lat' dir='ltr'>causa</span> <span class='ocrx_word' id='word_1_457' title='bbox 1073 787 1220 823; x_wconf 80' lang='lat' dir='ltr'>proesente</span> <span class='ocrx_word' id='word_1_458' title='bbox 1235 783 1342 812; x_wconf 85' lang='lat' dir='ltr'>aliena.</span> <span class='ocrx_word' id='word_1_459' title='bbox 1354 785 1449 819; x_wconf 81' lang='lat'><strong>1308,</strong></span> <span class='ocrx_word' id='word_1_460' title='bbox 1461 786 1514 815; x_wconf 87' lang='grc'>22.</span> 
     </span>
     <span class='ocr_line' id='line_1_78' title="bbox 854 827 1512 867; baseline -0.002 -10"><span class='ocrx_word' id='word_1_461' title='bbox 854 827 906 866; x_wconf 84' lang='grc' dir='ltr'>ἔξω</span> <span class='ocrx_word' id='word_1_462' title='bbox 932 829 982 861; x_wconf 72' lang='grc' dir='ltr'>τῆς</span> <span class='ocrx_word' id='word_1_463' title='bbox 1005 828 1110 867; x_wconf 69' lang='grc' dir='ltr'>γραφῆς</span> <span class='ocrx_word' id='word_1_464' title='bbox 1126 827 1222 856; x_wconf 74' lang='grc' dir='ltr'>πολλὰ</span> <span class='ocrx_word' id='word_1_465' title='bbox 1237 828 1403 865; x_wconf 70' lang='grc' dir='ltr'>κατηγορῶν.</span> <span class='ocrx_word' id='word_1_466' title='bbox 1415 828 1512 862; x_wconf 86' lang='grc'><strong>1347,</strong></span> 
     </span>
     <span class='ocr_line' id='line_1_79' title="bbox 854 869 1515 911; baseline -0.005 -11"><span class='ocrx_word' id='word_1_467' title='bbox 854 873 885 901; x_wconf 87' lang='lat'>5.</span> <span class='ocrx_word' id='word_1_468' title='bbox 909 873 968 904; x_wconf 78' lang='grc' dir='ltr'>πῶς</span> <span class='ocrx_word' id='word_1_469' title='bbox 984 870 1030 899; x_wconf 75' lang='grc' dir='ltr'>οὐκ</span> <span class='ocrx_word' id='word_1_470' title='bbox 1045 869 1097 908; x_wconf 79' lang='grc' dir='ltr'>ἔξω</span> <span class='ocrx_word' id='word_1_471' title='bbox 1111 872 1164 911; x_wconf 74' lang='grc' dir='ltr'>χρὴ</span> <span class='ocrx_word' id='word_1_472' title='bbox 1181 870 1229 898; x_wconf 77' lang='grc' dir='ltr'>τοῦ</span> <span class='ocrx_word' id='word_1_473' title='bbox 1251 870 1348 909; x_wconf 75' lang='grc' dir='ltr'>φρονεῖν</span> <span class='ocrx_word' id='word_1_474' title='bbox 1368 869 1445 907; x_wconf 69' lang='grc' dir='ltr'>ὑμᾶς</span> <span class='ocrx_word' id='word_1_475' title='bbox 1465 870 1515 900; x_wconf 78' lang='grc' dir='ltr'>αὗ-</span> 
     </span>
     <span class='ocr_line' id='line_1_80' title="bbox 853 911 1516 951; baseline 0.003 -10"><span class='ocrx_word' id='word_1_476' title='bbox 853 914 917 946; x_wconf 81' lang='grc' dir='ltr'>τοὺς</span> <span class='ocrx_word' id='word_1_477' title='bbox 938 912 1080 951; x_wconf 72' lang='grc' dir='ltr'>ἡγεῖσθαι.</span> <span class='ocrx_word' id='word_1_478' title='bbox 1112 912 1164 951; x_wconf 87' lang='lat' dir='ltr'>qui</span> <span class='ocrx_word' id='word_1_479' title='bbox 1190 911 1252 946; x_wconf 84' lang='lat' dir='ltr'>fiat,</span> <span class='ocrx_word' id='word_1_480' title='bbox 1275 915 1309 941; x_wconf 89' lang='lat' dir='ltr'>ut</span> <span class='ocrx_word' id='word_1_481' title='bbox 1330 911 1416 941; x_wconf 85' lang='lat' dir='ltr'>vobis</span> <span class='ocrx_word' id='word_1_482' title='bbox 1437 911 1516 951; x_wconf 88' lang='lat' dir='ltr'>ipsis</span> 
     </span>
     <span class='ocr_line' id='line_1_81' title="bbox 856 954 1516 993; baseline 0.002 -8"><span class='ocrx_word' id='word_1_483' title='bbox 856 956 955 986; x_wconf 83' lang='lat' dir='ltr'>minus</span> <span class='ocrx_word' id='word_1_484' title='bbox 983 954 1144 985; x_wconf 82' lang='lat' dir='ltr'>videamini</span> <span class='ocrx_word' id='word_1_485' title='bbox 1171 954 1321 993; x_wconf 85' lang='lat' dir='ltr'>desipere.</span> <span class='ocrx_word' id='word_1_486' title='bbox 1347 956 1441 990; x_wconf 87' lang='lat'><strong>1450,</strong></span> <span class='ocrx_word' id='word_1_487' title='bbox 1464 957 1516 986; x_wconf 89' lang='lat'>15.</span> 
     </span>
     <span class='ocr_line' id='line_1_82' title="bbox 855 997 1517 1037; baseline -0.002 -9"><span class='ocrx_word' id='word_1_488' title='bbox 855 1001 910 1028; x_wconf 77' lang='grc' dir='ltr'>τῶν</span> <span class='ocrx_word' id='word_1_489' title='bbox 927 998 1185 1037; x_wconf 66' lang='grc' dir='ltr'>πλεονεκτημάτων</span> <span class='ocrx_word' id='word_1_490' title='bbox 1208 997 1254 1026; x_wconf 78' lang='grc' dir='ltr'>καὶ</span> <span class='ocrx_word' id='word_1_491' title='bbox 1274 999 1327 1027; x_wconf 76' lang='grc' dir='ltr'>τῶν</span> <span class='ocrx_word' id='word_1_492' title='bbox 1343 997 1402 1037; x_wconf 82' lang='grc' dir='ltr'>περὶ</span> <span class='ocrx_word' id='word_1_493' title='bbox 1418 998 1517 1027; x_wconf 78' lang='grc' dir='ltr'>ταῦτα</span> 
     </span>
     <span class='ocr_line' id='line_1_83' title="bbox 855 1040 1517 1080; baseline 0.002 -10"><span class='ocrx_word' id='word_1_494' title='bbox 855 1043 1048 1080; x_wconf 74' lang='grc' dir='ltr'>σοφισμάτων</span> <span class='ocrx_word' id='word_1_495' title='bbox 1069 1041 1132 1079; x_wconf 75' lang='grc' dir='ltr'>ἔξω.</span> <span class='ocrx_word' id='word_1_496' title='bbox 1153 1040 1269 1079; x_wconf 73' lang='lat' dir='ltr'>ignara,</span> <span class='ocrx_word' id='word_1_497' title='bbox 1296 1041 1333 1069; x_wconf 88' lang='lat' dir='ltr'>ab</span> <span class='ocrx_word' id='word_1_498' title='bbox 1354 1040 1392 1069; x_wconf 86' lang='lat' dir='ltr'>iis</span> <span class='ocrx_word' id='word_1_499' title='bbox 1409 1041 1517 1071; x_wconf 84' lang='lat' dir='ltr'>aliena.</span> 
     </span>
     <span class='ocr_line' id='line_1_84' title="bbox 858 1082 1515 1122; baseline 0.002 -10"><span class='ocrx_word' id='word_1_500' title='bbox 858 1084 957 1114; x_wconf 81' lang='lat' dir='ltr'>welche</span> <span class='ocrx_word' id='word_1_501' title='bbox 981 1085 1075 1113; x_wconf 78' lang='lat' dir='ltr'>dauon</span> <span class='ocrx_word' id='word_1_502' title='bbox 1100 1082 1194 1113; x_wconf 75' lang='lat' dir='ltr'>nichts</span> <span class='ocrx_word' id='word_1_503' title='bbox 1215 1084 1293 1112; x_wconf 82' lang='lat' dir='ltr'>weiss</span> <span class='ocrx_word' id='word_1_504' title='bbox 1322 1082 1429 1122; x_wconf 81' lang='lat' dir='ltr'>[which</span> <span class='ocrx_word' id='word_1_505' title='bbox 1443 1093 1515 1113; x_wconf 81' lang='lat' dir='ltr'>were</span> 
     </span>
     <span class='ocr_line' id='line_1_85' title="bbox 856 1124 1515 1166; baseline 0 -10"><span class='ocrx_word' id='word_1_506' title='bbox 856 1127 1003 1156; x_wconf 78' lang='lat' dir='ltr'>unknown</span> <span class='ocrx_word' id='word_1_507' title='bbox 1027 1133 1055 1156; x_wconf 81' lang='lat' dir='ltr'>to</span> <span class='ocrx_word' id='word_1_508' title='bbox 1076 1126 1181 1166; x_wconf 81' lang='lat' dir='ltr'>themJ.</span> <span class='ocrx_word' id='word_1_509' title='bbox 1207 1127 1302 1161; x_wconf 81' lang='grc'><strong>1490,</strong></span> <span class='ocrx_word' id='word_1_510' title='bbox 1329 1129 1378 1156; x_wconf 80' lang='lat'>14.</span> <span class='ocrx_word' id='word_1_511' title='bbox 1400 1124 1454 1165; x_wconf 82' lang='grc' dir='ltr'>ἔξω</span> <span class='ocrx_word' id='word_1_512' title='bbox 1475 1136 1515 1166; x_wconf 86' lang='grc' dir='ltr'>με</span> 
     </span>
     <span class='ocr_line' id='line_1_86' title="bbox 856 1167 1418 1208; baseline 0 -10"><span class='ocrx_word' id='word_1_513' title='bbox 856 1170 1093 1208; x_wconf 66' lang='grc' dir='ltr'>προπηλακισμοῦ</span> <span class='ocrx_word' id='word_1_514' title='bbox 1106 1167 1245 1206; x_wconf 86' lang='grc' dir='ltr'>γενέσθαι.</span> <span class='ocrx_word' id='word_1_515' title='bbox 1263 1170 1357 1204; x_wconf 86' lang='grc'><strong>1471,</strong></span> <span class='ocrx_word' id='word_1_516' title='bbox 1370 1169 1418 1198; x_wconf 87' lang='grc'>19.</span> 
     </span>
    </p>

    <p class='ocr_par' dir='ltr' id='par_1_16' title="bbox 813 1210 1519 1294">
     <span class='ocr_line' id='line_1_87' title="bbox 813 1210 1519 1253; baseline 0 -13"><span class='ocrx_word' id='word_1_517' title='bbox 813 1210 935 1253; x_wconf 77' lang='grc' dir='ltr'>ἐξωθεῖν]</span> <span class='ocrx_word' id='word_1_518' title='bbox 960 1211 1167 1250; x_wconf 76' lang='grc' dir='ltr'>ἐξωσθήσομαι</span> <span class='ocrx_word' id='word_1_519' title='bbox 1191 1212 1240 1240; x_wconf 77' lang='grc' dir='ltr'>τοῦ</span> <span class='ocrx_word' id='word_1_520' title='bbox 1262 1211 1357 1241; x_wconf 78' lang='grc' dir='ltr'>εἰπεῖν.</span> <span class='ocrx_word' id='word_1_521' title='bbox 1373 1210 1519 1240; x_wconf 83' lang='lat' dir='ltr'>excludar</span> 
     </span>
     <span class='ocr_line' id='line_1_88' title="bbox 857 1253 1368 1294; baseline -0.002 -10"><span class='ocrx_word' id='word_1_522' title='bbox 857 1255 1082 1294; x_wconf 68' lang='lat' dir='ltr'>opportunitate</span> <span class='ocrx_word' id='word_1_523' title='bbox 1098 1253 1229 1283; x_wconf 78' lang='lat' dir='ltr'>dicendi.</span> <span class='ocrx_word' id='word_1_524' title='bbox 1246 1255 1320 1288; x_wconf 86' lang='grc'><strong>720,</strong></span> <span class='ocrx_word' id='word_1_525' title='bbox 1337 1256 1368 1283; x_wconf 80' lang='lat'>4.</span> 
     </span>
    </p>

    <p class='ocr_par' dir='ltr' id='par_1_17' title="bbox 814 1294 1521 1546">
     <span class='ocr_line' id='line_1_89' title="bbox 814 1294 1518 1337; baseline -0.001 -11"><span class='ocrx_word' id='word_1_526' title='bbox 814 1295 923 1337; x_wconf 79' lang='grc' dir='ltr'>ἔξωθεν]</span> <span class='ocrx_word' id='word_1_527' title='bbox 938 1298 997 1331; x_wconf 82' lang='grc' dir='ltr'>τοῖς</span> <span class='ocrx_word' id='word_1_528' title='bbox 1014 1295 1108 1336; x_wconf 76' lang='grc' dir='ltr'>ἔξωθεν</span> <span class='ocrx_word' id='word_1_529' title='bbox 1123 1294 1224 1333; x_wconf 82' lang='grc' dir='ltr'>λόγοις,</span> <span class='ocrx_word' id='word_1_530' title='bbox 1235 1297 1326 1324; x_wconf 81' lang='lat' dir='ltr'>rebus</span> <span class='ocrx_word' id='word_1_531' title='bbox 1341 1306 1358 1324; x_wconf 89' lang='lat' dir='ltr'>a</span> <span class='ocrx_word' id='word_1_532' title='bbox 1371 1301 1518 1334; x_wconf 81' lang='lat' dir='ltr'>praesente</span> 
     </span>
     <span class='ocr_line' id='line_1_90' title="bbox 856 1336 1518 1379; baseline -0.003 -10"><span class='ocrx_word' id='word_1_533' title='bbox 856 1340 975 1376; x_wconf 83' lang='lat' dir='ltr'>alienis,</span> <span class='ocrx_word' id='word_1_534' title='bbox 990 1338 1117 1379; x_wconf 73' lang='grc' dir='ltr'>ἠγμένος.</span> <span class='ocrx_word' id='word_1_535' title='bbox 1131 1341 1204 1374; x_wconf 76' lang='grc'><strong>228,</strong></span> <span class='ocrx_word' id='word_1_536' title='bbox 1220 1341 1271 1368; x_wconf 89' lang='grc'>11.</span> <span class='ocrx_word' id='word_1_537' title='bbox 1295 1336 1390 1376; x_wconf 85' lang='grc' dir='ltr'>ἔξωθεν</span> <span class='ocrx_word' id='word_1_538' title='bbox 1406 1338 1427 1367; x_wconf 79' lang='grc' dir='ltr'>οἱ</span> <span class='ocrx_word' id='word_1_539' title='bbox 1448 1338 1518 1368; x_wconf 68' lang='grc' dir='ltr'>ἐπτι-</span> 
     </span>
     <span class='ocr_line' id='line_1_91' title="bbox 856 1380 1519 1421; baseline -0.002 -9"><span class='ocrx_word' id='word_1_540' title='bbox 856 1380 1035 1416; x_wconf 68' lang='grc' dir='ltr'>ςουλεύοντες,</span> <span class='ocrx_word' id='word_1_541' title='bbox 1051 1382 1153 1412; x_wconf 76' lang='grc' dir='ltr'>ἔνδοθεν</span> <span class='ocrx_word' id='word_1_542' title='bbox 1175 1381 1204 1411; x_wconf 73' lang='grc' dir='ltr'>δὲ</span> <span class='ocrx_word' id='word_1_543' title='bbox 1227 1381 1249 1410; x_wconf 79' lang='grc' dir='ltr'>οἱ</span> <span class='ocrx_word' id='word_1_544' title='bbox 1269 1382 1519 1421; x_wconf 61' lang='grc' dir='ltr'>συμπράττοντες.</span> 
     </span>
     <span class='ocr_line' id='line_1_92' title="bbox 856 1422 1519 1463; baseline 0 -8"><span class='ocrx_word' id='word_1_545' title='bbox 856 1428 932 1461; x_wconf 85' lang='grc'><strong>437,</strong></span> <span class='ocrx_word' id='word_1_546' title='bbox 953 1429 1002 1455; x_wconf 87' lang='grc'>11.</span> <span class='ocrx_word' id='word_1_547' title='bbox 1023 1424 1124 1463; x_wconf 79' lang='grc' dir='ltr'>ἔξωθεν</span> <span class='ocrx_word' id='word_1_548' title='bbox 1139 1422 1167 1453; x_wconf 77' lang='grc' dir='ltr'>δὲ</span> <span class='ocrx_word' id='word_1_549' title='bbox 1181 1423 1275 1462; x_wconf 77' lang='grc' dir='ltr'>κύκλῳ</span> <span class='ocrx_word' id='word_1_550' title='bbox 1297 1422 1423 1463; x_wconf 88' lang='grc' dir='ltr'>περίεισι.</span> <span class='ocrx_word' id='word_1_551' title='bbox 1443 1426 1519 1459; x_wconf 87' lang='grc'><strong>780,</strong></span> 
     </span>
     <span class='ocr_line' id='line_1_93' title="bbox 857 1465 1521 1507; baseline -0.003 -10"><span class='ocrx_word' id='word_1_552' title='bbox 857 1468 912 1498; x_wconf 84' lang='lat' dir='ltr'>ult.</span> <span class='ocrx_word' id='word_1_553' title='bbox 936 1467 1038 1507; x_wconf 75' lang='grc' dir='ltr'>ἔξωθεν</span> <span class='ocrx_word' id='word_1_554' title='bbox 1052 1469 1190 1507; x_wconf 83' lang='grc' dir='ltr'>μετεῖχον</span> <span class='ocrx_word' id='word_1_555' title='bbox 1206 1466 1284 1505; x_wconf 73' lang='grc' dir='ltr'>αὐτῷ</span> <span class='ocrx_word' id='word_1_556' title='bbox 1298 1468 1347 1496; x_wconf 82' lang='grc' dir='ltr'>τοῦ</span> <span class='ocrx_word' id='word_1_557' title='bbox 1368 1465 1521 1507; x_wconf 78' lang='grc' dir='ltr'>δανείσμα-</span> 
     </span>
     <span class='ocr_line' id='line_1_94' title="bbox 857 1513 1094 1546; baseline 0 -6"><span class='ocrx_word' id='word_1_558' title='bbox 857 1523 914 1545; x_wconf 85' lang='grc' dir='ltr'>τος.</span> <span class='ocrx_word' id='word_1_559' title='bbox 933 1513 1026 1546; x_wconf 78' lang='grc'><strong>1284,</strong></span> <span class='ocrx_word' id='word_1_560' title='bbox 1044 1514 1094 1541; x_wconf 83' lang='grc'>22.</span> 
     </span>
    </p>

    <p class='ocr_par' dir='ltr' id='par_1_18' title="bbox 815 1550 1526 2020">
     <span class='ocr_line' id='line_1_95' title="bbox 815 1550 1521 1594; baseline -0.004 -10"><span class='ocrx_word' id='word_1_561' title='bbox 815 1553 947 1594; x_wconf 83' lang='grc' dir='ltr'>ἐξώλεια]</span> <span class='ocrx_word' id='word_1_562' title='bbox 965 1554 1055 1593; x_wconf 72' lang='grc' dir='ltr'>ὤμνυε</span> <span class='ocrx_word' id='word_1_563' title='bbox 1080 1550 1143 1581; x_wconf 80' lang='grc' dir='ltr'>κατ’</span> <span class='ocrx_word' id='word_1_564' title='bbox 1167 1550 1309 1590; x_wconf 79' lang='grc' dir='ltr'>ἐξωλείας.</span> <span class='ocrx_word' id='word_1_565' title='bbox 1329 1552 1452 1591; x_wconf 81' lang='lat' dir='ltr'>jurabat</span> <span class='ocrx_word' id='word_1_566' title='bbox 1467 1551 1521 1586; x_wconf 81' lang='lat' dir='ltr'>ita,</span> 
     </span>
     <span class='ocr_line' id='line_1_96' title="bbox 858 1595 1521 1636; baseline -0.003 -10"><span class='ocrx_word' id='word_1_567' title='bbox 858 1601 891 1626; x_wconf 74' lang='lat' dir='ltr'>ut</span> <span class='ocrx_word' id='word_1_568' title='bbox 906 1597 972 1636; x_wconf 87' lang='lat' dir='ltr'>ipse</span> <span class='ocrx_word' id='word_1_569' title='bbox 987 1599 1082 1625; x_wconf 81' lang='lat' dir='ltr'>semet</span> <span class='ocrx_word' id='word_1_570' title='bbox 1092 1600 1238 1625; x_wconf 80' lang='lat' dir='ltr'>extremae</span> <span class='ocrx_word' id='word_1_571' title='bbox 1248 1595 1328 1633; x_wconf 80' lang='lat' dir='ltr'>pesti</span> <span class='ocrx_word' id='word_1_572' title='bbox 1342 1595 1521 1625; x_wconf 86' lang='lat' dir='ltr'>devoveret.</span> 
     </span>
     <span class='ocr_line' id='line_1_97' title="bbox 858 1636 1522 1677; baseline -0.003 -8"><span class='ocrx_word' id='word_1_573' title='bbox 858 1641 934 1675; x_wconf 84' lang='grc'><strong>553,</strong></span> <span class='ocrx_word' id='word_1_574' title='bbox 953 1642 1002 1668; x_wconf 69' lang='grc'>17.</span> <span class='ocrx_word' id='word_1_575' title='bbox 1025 1638 1166 1677; x_wconf 75' lang='grc' dir='ltr'>διομεῖται</span> <span class='ocrx_word' id='word_1_576' title='bbox 1191 1637 1259 1666; x_wconf 73' lang='grc' dir='ltr'>κατ’</span> <span class='ocrx_word' id='word_1_577' title='bbox 1283 1636 1413 1676; x_wconf 73' lang='grc' dir='ltr'>ἐξωλείας</span> <span class='ocrx_word' id='word_1_578' title='bbox 1434 1638 1522 1667; x_wconf 74' lang='grc' dir='ltr'>αὑτοῦ</span> 
     </span>
     <span class='ocr_line' id='line_1_98' title="bbox 858 1679 1523 1719; baseline -0.002 -8"><span class='ocrx_word' id='word_1_579' title='bbox 858 1682 906 1711; x_wconf 80' lang='grc' dir='ltr'>καὶ</span> <span class='ocrx_word' id='word_1_580' title='bbox 933 1683 982 1711; x_wconf 70' lang='grc' dir='ltr'>τοῦ</span> <span class='ocrx_word' id='word_1_581' title='bbox 1005 1680 1094 1719; x_wconf 80' lang='grc' dir='ltr'>γένους</span> <span class='ocrx_word' id='word_1_582' title='bbox 1120 1679 1168 1709; x_wconf 81' lang='grc' dir='ltr'>καὶ</span> <span class='ocrx_word' id='word_1_583' title='bbox 1190 1681 1240 1713; x_wconf 68' lang='grc' dir='ltr'>τῆς</span> <span class='ocrx_word' id='word_1_584' title='bbox 1262 1679 1355 1712; x_wconf 80' lang='grc' dir='ltr'>οἰκίας.</span> <span class='ocrx_word' id='word_1_585' title='bbox 1380 1682 1454 1716; x_wconf 89' lang='grc'><strong>642,</strong></span> <span class='ocrx_word' id='word_1_586' title='bbox 1471 1682 1523 1710; x_wconf 80' lang='lat'>14.</span> 
     </span>
     <span class='ocr_line' id='line_1_99' title="bbox 858 1722 1524 1763; baseline 0 -10"><span class='ocrx_word' id='word_1_587' title='bbox 858 1724 926 1753; x_wconf 84' lang='grc' dir='ltr'>κατ’</span> <span class='ocrx_word' id='word_1_588' title='bbox 942 1723 1074 1763; x_wconf 78' lang='grc' dir='ltr'>ἐξωλείας</span> <span class='ocrx_word' id='word_1_589' title='bbox 1087 1722 1225 1763; x_wconf 63' lang='grc' dir='ltr'>ἐπιορκεῖ.</span> <span class='ocrx_word' id='word_1_590' title='bbox 1239 1723 1358 1752; x_wconf 80' lang='lat' dir='ltr'>tametsi</span> <span class='ocrx_word' id='word_1_591' title='bbox 1369 1724 1446 1752; x_wconf 82' lang='lat' dir='ltr'>mala</span> <span class='ocrx_word' id='word_1_592' title='bbox 1459 1734 1524 1753; x_wconf 83' lang='lat' dir='ltr'>om-</span> 
     </span>
     <span class='ocr_line' id='line_1_100' title="bbox 858 1765 1521 1804; baseline -0.002 -8"><span class='ocrx_word' id='word_1_593' title='bbox 858 1768 907 1796; x_wconf 90' lang='lat' dir='ltr'>nia</span> <span class='ocrx_word' id='word_1_594' title='bbox 931 1768 988 1796; x_wconf 86' lang='lat' dir='ltr'>sibi</span> <span class='ocrx_word' id='word_1_595' title='bbox 1020 1766 1128 1795; x_wconf 73' lang='lat' dir='ltr'>fuisset</span> <span class='ocrx_word' id='word_1_596' title='bbox 1150 1766 1335 1804; x_wconf 71' lang='lat' dir='ltr'>imprecatus</span> <span class='ocrx_word' id='word_1_597' title='bbox 1353 1767 1471 1804; x_wconf 84' lang='lat' dir='ltr'>jurans,</span> <span class='ocrx_word' id='word_1_598' title='bbox 1495 1765 1521 1796; x_wconf 87' lang='lat' dir='ltr'>si</span> 
     </span>
     <span class='ocr_line' id='line_1_101' title="bbox 860 1808 1524 1847; baseline -0.002 -8"><span class='ocrx_word' id='word_1_599' title='bbox 860 1810 959 1840; x_wconf 80' lang='lat' dir='ltr'>sciens</span> <span class='ocrx_word' id='word_1_600' title='bbox 981 1809 1112 1844; x_wconf 81' lang='lat' dir='ltr'>falleret,</span> <span class='ocrx_word' id='word_1_601' title='bbox 1126 1813 1223 1837; x_wconf 87' lang='lat' dir='ltr'>tamen</span> <span class='ocrx_word' id='word_1_602' title='bbox 1247 1808 1354 1837; x_wconf 78' lang='lat' dir='ltr'>salsum</span> <span class='ocrx_word' id='word_1_603' title='bbox 1370 1810 1524 1847; x_wconf 86' lang='lat' dir='ltr'>juramen-</span> 
     </span>
     <span class='ocr_line' id='line_1_102' title="bbox 859 1850 1526 1891; baseline -0.003 -9"><span class='ocrx_word' id='word_1_604' title='bbox 859 1856 921 1882; x_wconf 83' lang='lat' dir='ltr'>tum</span> <span class='ocrx_word' id='word_1_605' title='bbox 937 1852 1026 1881; x_wconf 83' lang='lat' dir='ltr'>dixit.</span> <span class='ocrx_word' id='word_1_606' title='bbox 1040 1853 1134 1886; x_wconf 83' lang='lat'><strong>1305,</strong></span> <span class='ocrx_word' id='word_1_607' title='bbox 1144 1853 1196 1881; x_wconf 85' lang='grc'>12.</span> <span class='ocrx_word' id='word_1_608' title='bbox 1219 1850 1432 1891; x_wconf 75' lang='grc' dir='ltr'>ἐπαρασάμενον</span> <span class='ocrx_word' id='word_1_609' title='bbox 1444 1851 1526 1891; x_wconf 75' lang='grc' dir='ltr'>αὐτῷ’</span> 
     </span>
     <span class='ocr_line' id='line_1_103' title="bbox 858 1892 1523 1934; baseline 0 -10"><span class='ocrx_word' id='word_1_610' title='bbox 858 1894 999 1933; x_wconf 75' lang='grc' dir='ltr'>ἐξώλειαν.</span> <span class='ocrx_word' id='word_1_611' title='bbox 1024 1897 1117 1929; x_wconf 82' lang='grc'><strong>1204,</strong></span> <span class='ocrx_word' id='word_1_612' title='bbox 1142 1897 1193 1923; x_wconf 87' lang='grc'>11.</span> <span class='ocrx_word' id='word_1_613' title='bbox 1217 1892 1369 1934; x_wconf 76' lang='grc' dir='ltr'>ἐπαρῶμαι</span> <span class='ocrx_word' id='word_1_614' title='bbox 1392 1893 1523 1934; x_wconf 73' lang='grc' dir='ltr'>ἐξώλειαν</span> 
     </span>
     <span class='ocr_line' id='line_1_104' title="bbox 858 1935 1521 1977; baseline -0.003 -9"><span class='ocrx_word' id='word_1_615' title='bbox 858 1938 952 1977; x_wconf 65' lang='grc' dir='ltr'>ἐαυτῷ</span> <span class='ocrx_word' id='word_1_616' title='bbox 974 1937 1020 1966; x_wconf 82' lang='grc' dir='ltr'>καὶ</span> <span class='ocrx_word' id='word_1_617' title='bbox 1047 1937 1085 1976; x_wconf 70' lang='grc' dir='ltr'>τῇ</span> <span class='ocrx_word' id='word_1_618' title='bbox 1107 1935 1188 1976; x_wconf 78' lang='grc' dir='ltr'>οἰκία.</span> <span class='ocrx_word' id='word_1_619' title='bbox 1210 1939 1286 1971; x_wconf 85' lang='lat'><strong>747,</strong></span> <span class='ocrx_word' id='word_1_620' title='bbox 1304 1939 1354 1966; x_wconf 85' lang='grc'>13.</span> <span class='ocrx_word' id='word_1_621' title='bbox 1376 1938 1521 1976; x_wconf 72' lang='grc' dir='ltr'>μηδεμιᾶς</span> 
     </span>
     <span class='ocr_line' id='line_1_105' title="bbox 858 1978 1521 2020; baseline 0.002 -11"><span class='ocrx_word' id='word_1_622' title='bbox 858 1979 987 2019; x_wconf 77' lang='grc' dir='ltr'>ἐξωλείας</span> <span class='ocrx_word' id='word_1_623' title='bbox 1011 1979 1140 2020; x_wconf 61' lang='grc' dir='ltr'>ὑπόχους</span> <span class='ocrx_word' id='word_1_624' title='bbox 1165 1978 1280 2012; x_wconf 82' lang='grc' dir='ltr'>ἑαυτοὺς</span> <span class='ocrx_word' id='word_1_625' title='bbox 1305 1981 1407 2010; x_wconf 64' lang='grc' dir='ltr'>ποιεῖν.</span> <span class='ocrx_word' id='word_1_626' title='bbox 1425 1982 1521 2015; x_wconf 81' lang='grc'><strong>1315,</strong></span> 
     </span>
    </p>

    <p class='ocr_par' dir='ltr' id='par_1_19' title="bbox 815 2063 1523 2275">
     <span class='ocr_line' id='line_1_106' title="bbox 815 2063 1521 2106; baseline -0.003 -11"><span class='ocrx_word' id='word_1_627' title='bbox 815 2065 933 2106; x_wconf 78' lang='grc' dir='ltr'>ἐξώλης]</span> <span class='ocrx_word' id='word_1_628' title='bbox 957 2065 1067 2106; x_wconf 71' lang='grc' dir='ltr'>ἐξώλεις</span> <span class='ocrx_word' id='word_1_629' title='bbox 1089 2064 1136 2094; x_wconf 78' lang='grc' dir='ltr'>καὶ</span> <span class='ocrx_word' id='word_1_630' title='bbox 1159 2065 1291 2104; x_wconf 74' lang='grc' dir='ltr'>προώλεις</span> <span class='ocrx_word' id='word_1_631' title='bbox 1313 2063 1338 2094; x_wconf 87' lang='grc' dir='ltr'>ἐν</span> <span class='ocrx_word' id='word_1_632' title='bbox 1352 2064 1389 2105; x_wconf 59' lang='lat' dir='ltr'>y?</span> <span class='ocrx_word' id='word_1_633' title='bbox 1400 2064 1448 2094; x_wconf 80' lang='grc' dir='ltr'>καὶ</span> <span class='ocrx_word' id='word_1_634' title='bbox 1464 2064 1521 2094; x_wconf 91' lang='grc' dir='ltr'>θα-</span> 
     </span>
     <span class='ocr_line' id='line_1_107' title="bbox 857 2106 1523 2149; baseline -0.005 -11"><span class='ocrx_word' id='word_1_635' title='bbox 857 2110 952 2149; x_wconf 73' lang='grc' dir='ltr'>λάττῃ</span> <span class='ocrx_word' id='word_1_636' title='bbox 970 2108 1128 2139; x_wconf 72' lang='grc' dir='ltr'>ποιήσαιτε.</span> <span class='ocrx_word' id='word_1_637' title='bbox 1149 2110 1223 2141; x_wconf 81' lang='grc'><strong>332,</strong></span> <span class='ocrx_word' id='word_1_638' title='bbox 1240 2110 1292 2137; x_wconf 90' lang='grc'>21.</span> <span class='ocrx_word' id='word_1_639' title='bbox 1315 2106 1457 2148; x_wconf 73' lang='grc' dir='ltr'>εὔχεσθαι</span> <span class='ocrx_word' id='word_1_640' title='bbox 1473 2109 1523 2138; x_wconf 83' lang='grc' dir='ltr'>αὑ-</span> 
     </span>
     <span class='ocr_line' id='line_1_108' title="bbox 857 2149 1522 2189; baseline 0.002 -9"><span class='ocrx_word' id='word_1_641' title='bbox 857 2151 902 2181; x_wconf 75' lang='grc' dir='ltr'>τόν</span> <span class='ocrx_word' id='word_1_642' title='bbox 917 2151 1002 2189; x_wconf 77' lang='grc' dir='ltr'>ἐξώλη</span> <span class='ocrx_word' id='word_1_643' title='bbox 1015 2153 1110 2185; x_wconf 79' lang='grc' dir='ltr'>ποιεῖν,</span> <span class='ocrx_word' id='word_1_644' title='bbox 1121 2150 1167 2180; x_wconf 77' lang='grc' dir='ltr'>καὶ</span> <span class='ocrx_word' id='word_1_645' title='bbox 1182 2149 1265 2187; x_wconf 86' lang='grc' dir='ltr'>γένος,</span> <span class='ocrx_word' id='word_1_646' title='bbox 1279 2150 1327 2179; x_wconf 79' lang='grc' dir='ltr'>καὶ</span> <span class='ocrx_word' id='word_1_647' title='bbox 1344 2150 1437 2179; x_wconf 81' lang='grc' dir='ltr'>οἰκίαν.</span> <span class='ocrx_word' id='word_1_648' title='bbox 1447 2152 1522 2186; x_wconf 85' lang='grc'><strong>363,</strong></span> 
     </span>
     <span class='ocr_line' id='line_1_109' title="bbox 858 2191 1523 2232; baseline -0.002 -7"><span class='ocrx_word' id='word_1_649' title='bbox 858 2198 908 2225; x_wconf 89' lang='grc'>23.</span> <span class='ocrx_word' id='word_1_650' title='bbox 934 2194 1036 2232; x_wconf 80' lang='grc' dir='ltr'>ἐξώλης</span> <span class='ocrx_word' id='word_1_651' title='bbox 1059 2191 1217 2232; x_wconf 80' lang='grc' dir='ltr'>ἀπολοίμην</span> <span class='ocrx_word' id='word_1_652' title='bbox 1231 2192 1279 2222; x_wconf 74' lang='grc' dir='ltr'>καὶ</span> <span class='ocrx_word' id='word_1_653' title='bbox 1297 2193 1431 2232; x_wconf 76' lang='grc' dir='ltr'>προώλης.</span> <span class='ocrx_word' id='word_1_654' title='bbox 1448 2195 1523 2229; x_wconf 88' lang='grc'><strong>395,</strong></span> 
     </span>
     <span class='ocr_line' id='line_1_110' title="bbox 858 2235 1478 2275; baseline -0.002 -8"><span class='ocrx_word' id='word_1_655' title='bbox 858 2240 888 2267; x_wconf 91' lang='grc'>7.</span> <span class='ocrx_word' id='word_1_656' title='bbox 912 2235 949 2267; x_wconf 70' lang='grc' dir='ltr'>οἷν</span> <span class='ocrx_word' id='word_1_657' title='bbox 960 2237 1034 2275; x_wconf 86' lang='grc' dir='ltr'>γένος</span> <span class='ocrx_word' id='word_1_658' title='bbox 1045 2236 1229 2275; x_wconf 81' lang='grc' dir='ltr'>ἐξωλέστερον</span> <span class='ocrx_word' id='word_1_659' title='bbox 1244 2235 1324 2265; x_wconf 74' lang='grc' dir='ltr'>οὐδέν.</span> <span class='ocrx_word' id='word_1_660' title='bbox 1341 2238 1434 2270; x_wconf 82' lang='grc'><strong>1342,</strong></span> <span class='ocrx_word' id='word_1_661' title='bbox 1447 2238 1478 2266; x_wconf 87' lang='grc'>7.</span> 
     </span>
    </p>

    <p class='ocr_par' dir='ltr' id='par_1_20' title="bbox 815 2279 1523 2444">
     <span class='ocr_line' id='line_1_111' title="bbox 815 2279 1523 2320; baseline -0.004 -10"><span class='ocrx_word' id='word_1_662' title='bbox 815 2279 975 2320; x_wconf 78' lang='grc' dir='ltr'>ἐξωμοσία]</span> <span class='ocrx_word' id='word_1_663' title='bbox 1002 2280 1225 2319; x_wconf 84' lang='lat' dir='ltr'>jusjurandum,</span> <span class='ocrx_word' id='word_1_664' title='bbox 1250 2288 1310 2316; x_wconf 89' lang='lat' dir='ltr'>quo</span> <span class='ocrx_word' id='word_1_665' title='bbox 1341 2279 1408 2317; x_wconf 85' lang='lat' dir='ltr'>quis</span> <span class='ocrx_word' id='word_1_666' title='bbox 1432 2283 1523 2318; x_wconf 84' lang='lat' dir='ltr'>negat</span> 
     </span>
     <span class='ocr_line' id='line_1_112' title="bbox 859 2321 1522 2360; baseline -0.003 -7"><span class='ocrx_word' id='word_1_667' title='bbox 859 2334 891 2353; x_wconf 89' lang='lat' dir='ltr'>se</span> <span class='ocrx_word' id='word_1_668' title='bbox 919 2333 1008 2352; x_wconf 74' lang='lat' dir='ltr'>nosse</span> <span class='ocrx_word' id='word_1_669' title='bbox 1036 2333 1109 2356; x_wconf 84' lang='lat' dir='ltr'>rem.</span> <span class='ocrx_word' id='word_1_670' title='bbox 1135 2326 1186 2350; x_wconf 91' lang='lat' dir='ltr'>aut</span> <span class='ocrx_word' id='word_1_671' title='bbox 1213 2325 1307 2360; x_wconf 83' lang='lat' dir='ltr'>gestae</span> <span class='ocrx_word' id='word_1_672' title='bbox 1336 2321 1522 2351; x_wconf 78' lang='lat' dir='ltr'>interfuisse.</span> 
     </span>
     <span class='ocr_line' id='line_1_113' title="bbox 859 2362 1523 2403; baseline -0.002 -8"><span class='ocrx_word' id='word_1_673' title='bbox 859 2368 955 2401; x_wconf 85' lang='lat'>1119,</span> <span class='ocrx_word' id='word_1_674' title='bbox 970 2367 1020 2395; x_wconf 86' lang='grc'>26.</span> <span class='ocrx_word' id='word_1_675' title='bbox 1045 2375 1112 2394; x_wconf 77' lang='lat' dir='ltr'>voc.</span> <span class='ocrx_word' id='word_1_676' title='bbox 1128 2362 1272 2402; x_wconf 79' lang='grc' dir='ltr'>ἐξωμοσία</span> <span class='ocrx_word' id='word_1_677' title='bbox 1289 2363 1439 2403; x_wconf 71' lang='lat' dir='ltr'>Han-poor.</span> <span class='ocrx_word' id='word_1_678' title='bbox 1452 2364 1481 2393; x_wconf 86' lang='lat' dir='ltr'>h.</span> <span class='ocrx_word' id='word_1_679' title='bbox 1494 2375 1523 2394; x_wconf 91' lang='lat' dir='ltr'>v.</span> 
     </span>
     <span class='ocr_line' id='line_1_114' title="bbox 859 2406 1328 2444; baseline -0.009 -6"><span class='ocrx_word' id='word_1_680' title='bbox 859 2409 931 2438; x_wconf 80' lang='lat' dir='ltr'>citat</span> <span class='ocrx_word' id='word_1_681' title='bbox 945 2418 981 2437; x_wconf 85' lang='lat' dir='ltr'>ex</span> <span class='ocrx_word' id='word_1_682' title='bbox 998 2413 1074 2437; x_wconf 81' lang='lat' dir='ltr'>orat.</span> <span class='ocrx_word' id='word_1_683' title='bbox 1090 2408 1127 2436; x_wconf 91' lang='lat' dir='ltr'>de</span> <span class='ocrx_word' id='word_1_684' title='bbox 1145 2407 1220 2435; x_wconf 84' lang='lat' dir='ltr'>falsa</span> <span class='ocrx_word' id='word_1_685' title='bbox 1237 2406 1328 2444; x_wconf 82' lang='lat' dir='ltr'>legat.</span> 
     </span>
    </p>

    <p class='ocr_par' dir='ltr' id='par_1_21' title="bbox 817 2448 1524 2662">
     <span class='ocr_line' id='line_1_115' title="bbox 817 2448 1524 2492; baseline -0.004 -11"><span class='ocrx_word' id='word_1_686' title='bbox 817 2451 907 2492; x_wconf 74' lang='grc' dir='ltr'>ἑορτὴ]</span> <span class='ocrx_word' id='word_1_687' title='bbox 925 2448 1088 2489; x_wconf 63' lang='grc' dir='ltr'>λαμζάνετε</span> <span class='ocrx_word' id='word_1_688' title='bbox 1111 2449 1188 2478; x_wconf 69' lang='grc' dir='ltr'>αὐτοὶ</span> <span class='ocrx_word' id='word_1_689' title='bbox 1215 2449 1253 2482; x_wconf 84' lang='grc' dir='ltr'>εἷς</span> <span class='ocrx_word' id='word_1_690' title='bbox 1277 2448 1382 2488; x_wconf 77' lang='grc' dir='ltr'>ἑορτάς.</span> <span class='ocrx_word' id='word_1_691' title='bbox 1401 2451 1454 2484; x_wconf 80' lang='grc'>14,</span> <span class='ocrx_word' id='word_1_692' title='bbox 1470 2448 1524 2478; x_wconf 85' lang='lat' dir='ltr'>ult.</span> 
     </span>
     <span class='ocr_line' id='line_1_116' title="bbox 859 2490 1522 2533; baseline -0.003 -10"><span class='ocrx_word' id='word_1_693' title='bbox 859 2495 897 2529; x_wconf 84' lang='grc' dir='ltr'>εἷς</span> <span class='ocrx_word' id='word_1_694' title='bbox 912 2497 961 2525; x_wconf 71' lang='grc' dir='ltr'>τήν</span> <span class='ocrx_word' id='word_1_695' title='bbox 975 2493 1064 2533; x_wconf 72' lang='grc' dir='ltr'>ἑορτὴν</span> <span class='ocrx_word' id='word_1_696' title='bbox 1080 2492 1128 2522; x_wconf 78' lang='grc' dir='ltr'>καὶ</span> <span class='ocrx_word' id='word_1_697' title='bbox 1141 2493 1181 2521; x_wconf 76' lang='grc' dir='ltr'>τοὶ</span> <span class='ocrx_word' id='word_1_698' title='bbox 1194 2491 1341 2531; x_wconf 68' lang='grc' dir='ltr'>μυστήρια</span> <span class='ocrx_word' id='word_1_699' title='bbox 1356 2490 1522 2521; x_wconf 77' lang='grc' dir='ltr'>ἀναλίσκειν.</span> 
     </span>
     <span class='ocr_line' id='line_1_117' title="bbox 860 2539 1053 2589; baseline -0.01 -21"><span class='ocrx_word' id='word_1_700' title='bbox 860 2539 959 2589; x_wconf 56' lang='grc'><strong>1351,</strong></span> <span class='ocrx_word' id='word_1_701' title='bbox 970 2539 1022 2568; x_wconf 78' lang='grc'>27.</span> <span class='ocrx_word' id='word_1_702' title='bbox 1046 2578 1053 2589; x_wconf 28' lang='grc' dir='ltr'>ἱ</span> 
     </span>
     <span class='ocr_line' id='line_1_118' title="bbox 855 2621 1294 2662; baseline -0.007 -10"><span class='ocrx_word' id='word_1_703' title='bbox 855 2625 907 2662; x_wconf 88' lang='lat' dir='ltr'>jus</span> <span class='ocrx_word' id='word_1_704' title='bbox 924 2621 1137 2652; x_wconf 83' lang='lat' dir='ltr'>denunciandi.</span> <span class='ocrx_word' id='word_1_705' title='bbox 1151 2623 1226 2655; x_wconf 80' lang='grc'><strong>602,</strong></span> <span class='ocrx_word' id='word_1_706' title='bbox 1244 2623 1294 2650; x_wconf 91' lang='grc'>11.</span> 
     </span>
    </p>

    <p class='ocr_par' dir='ltr' id='par_1_22' title="bbox 816 2661 1523 3002">
     <span class='ocr_line' id='line_1_119' title="bbox 816 2661 1521 2705; baseline -0.006 -10"><span class='ocrx_word' id='word_1_707' title='bbox 816 2664 1017 2705; x_wconf 72' lang='grc' dir='ltr'>ἐπαγγέλλειν]</span> <span class='ocrx_word' id='word_1_708' title='bbox 1043 2663 1239 2698; x_wconf 80' lang='lat' dir='ltr'>denunciare,</span> <span class='ocrx_word' id='word_1_709' title='bbox 1267 2662 1333 2691; x_wconf 83' lang='lat' dir='ltr'>sive</span> <span class='ocrx_word' id='word_1_710' title='bbox 1359 2661 1521 2692; x_wconf 83' lang='lat' dir='ltr'>indicando</span> 
     </span>
     <span class='ocr_line' id='line_1_120' title="bbox 858 2703 1519 2743; baseline -0.006 -5"><span class='ocrx_word' id='word_1_711' title='bbox 858 2719 920 2737; x_wconf 86' lang='lat' dir='ltr'>rem</span> <span class='ocrx_word' id='word_1_712' title='bbox 934 2709 1054 2741; x_wconf 82' lang='lat' dir='ltr'>saetam,</span> <span class='ocrx_word' id='word_1_713' title='bbox 1068 2707 1134 2736; x_wconf 87' lang='lat' dir='ltr'>sive</span> <span class='ocrx_word' id='word_1_714' title='bbox 1148 2705 1324 2743; x_wconf 83' lang='lat' dir='ltr'>imperando</span> <span class='ocrx_word' id='word_1_715' title='bbox 1339 2703 1519 2734; x_wconf 81' lang='lat' dir='ltr'>faciendam.</span> 
     </span>
     <span class='ocr_line' id='line_1_121' title="bbox 858 2745 1520 2789; baseline -0.008 -8"><span class='ocrx_word' id='word_1_716' title='bbox 858 2749 1046 2789; x_wconf 78' lang='grc' dir='ltr'>ἐπαγγέλλειν</span> <span class='ocrx_word' id='word_1_717' title='bbox 1060 2748 1124 2788; x_wconf 74' lang='grc' dir='ltr'>πρὸς</span> <span class='ocrx_word' id='word_1_718' title='bbox 1136 2748 1200 2782; x_wconf 76' lang='grc' dir='ltr'>τοὺς</span> <span class='ocrx_word' id='word_1_719' title='bbox 1212 2745 1399 2785; x_wconf 82' lang='grc' dir='ltr'>θεσμοθέτας.</span> <span class='ocrx_word' id='word_1_720' title='bbox 1408 2747 1520 2777; x_wconf 82' lang='lat' dir='ltr'>referre</span> 
     </span>
     <span class='ocr_line' id='line_1_122' title="bbox 858 2789 1521 2829; baseline -0.005 -6"><span class='ocrx_word' id='word_1_721' title='bbox 858 2794 895 2823; x_wconf 78' lang='lat' dir='ltr'>ad</span> <span class='ocrx_word' id='word_1_722' title='bbox 912 2792 1141 2823; x_wconf 82' lang='lat' dir='ltr'>Thesmothetas</span> <span class='ocrx_word' id='word_1_723' title='bbox 1158 2791 1237 2829; x_wconf 87' lang='lat' dir='ltr'>apud</span> <span class='ocrx_word' id='word_1_724' title='bbox 1263 2800 1315 2818; x_wconf 83' lang='lat' dir='ltr'>eos</span> <span class='ocrx_word' id='word_1_725' title='bbox 1332 2789 1521 2820; x_wconf 79' lang='lat' dir='ltr'>denuntiare.</span> 
     </span>
     <span class='ocr_line' id='line_1_123' title="bbox 859 2831 1523 2872; baseline -0.006 -5"><span class='ocrx_word' id='word_1_726' title='bbox 859 2838 933 2871; x_wconf 91' lang='lat'><strong>600,</strong></span> <span class='ocrx_word' id='word_1_727' title='bbox 955 2839 1007 2866; x_wconf 81' lang='grc'>22.</span> <span class='ocrx_word' id='word_1_728' title='bbox 1031 2832 1214 2872; x_wconf 60' lang='grc' dir='ltr'>ἐπαγγείλας</span> <span class='ocrx_word' id='word_1_729' title='bbox 1237 2832 1384 2871; x_wconf 71' lang='grc' dir='ltr'>Φαινίππῳ</span> <span class='ocrx_word' id='word_1_730' title='bbox 1407 2831 1456 2862; x_wconf 77' lang='grc' dir='ltr'>ἐπὶ</span> <span class='ocrx_word' id='word_1_731' title='bbox 1482 2835 1523 2863; x_wconf 76' lang='grc' dir='ltr'>τοὶ</span> 
     </span>
     <span class='ocr_line' id='line_1_124' title="bbox 859 2875 1523 2919; baseline -0.005 -10"><span class='ocrx_word' id='word_1_732' title='bbox 859 2879 916 2919; x_wconf 65' lang='grc' dir='ltr'>ἱερὰ</span> <span class='ocrx_word' id='word_1_733' title='bbox 932 2878 1073 2917; x_wconf 73' lang='grc' dir='ltr'>ἄπαντᾷν.</span> <span class='ocrx_word' id='word_1_734' title='bbox 1100 2886 1169 2906; x_wconf 87' lang='lat' dir='ltr'>cum</span> <span class='ocrx_word' id='word_1_735' title='bbox 1192 2875 1432 2910; x_wconf 62' lang='lat' dir='ltr'>denuncimsem,</span> <span class='ocrx_word' id='word_1_736' title='bbox 1449 2876 1476 2905; x_wconf 81' lang='lat' dir='ltr'>h.</span> <span class='ocrx_word' id='word_1_737' title='bbox 1496 2886 1523 2906; x_wconf 86' lang='lat' dir='ltr'>e.</span> 
     </span>
     <span class='ocr_line' id='line_1_125' title="bbox 860 2918 1522 2958; baseline -0.005 -7"><span class='ocrx_word' id='word_1_738' title='bbox 860 2927 892 2951; x_wconf 89' lang='lat' dir='ltr'>ut</span> <span class='ocrx_word' id='word_1_739' title='bbox 907 2932 969 2951; x_wconf 88' lang='lat' dir='ltr'>rem</span> <span class='ocrx_word' id='word_1_740' title='bbox 986 2926 1070 2950; x_wconf 81' lang='lat' dir='ltr'>certo</span> <span class='ocrx_word' id='word_1_741' title='bbox 1086 2924 1222 2958; x_wconf 84' lang='lat' dir='ltr'>ternpore</span> <span class='ocrx_word' id='word_1_742' title='bbox 1238 2918 1365 2958; x_wconf 79' lang='lat' dir='ltr'>locoque</span> <span class='ocrx_word' id='word_1_743' title='bbox 1381 2918 1522 2948; x_wconf 72' lang='lat' dir='ltr'>condicto</span> 
     </span>
     <span class='ocr_line' id='line_1_126' title="bbox 859 2963 1523 3002; baseline 0 -10"><span class='ocrx_word' id='word_1_744' title='bbox 859 2964 1028 2994; x_wconf 83' lang='lat' dir='ltr'>faciendam</span> <span class='ocrx_word' id='word_1_745' title='bbox 1045 2963 1251 3002; x_wconf 74' lang='lat' dir='ltr'>imperassem.</span> <span class='ocrx_word' id='word_1_746' title='bbox 1268 2964 1362 2997; x_wconf 83' lang='lat'><strong>1041,</strong></span> <span class='ocrx_word' id='word_1_747' title='bbox 1378 2964 1411 2992; x_wconf 87' lang='lat'>4.</span> <span class='ocrx_word' id='word_1_748' title='bbox 1428 2963 1523 2997; x_wconf 81' lang='lat'><strong>1069,</strong></span> 
     </span>
    </p>
   </div>
  </div>
 </body>
</html>
