1910 3187
248 147 272 186 8

246 257 369 288 ἲννεῦειν.
408 259 434 288 Ε
451 258 530 289 Phil.
548 260 611 290 111.
633 272 665 302 p.
684 265 757 297 111,
774 262 822 293 15.
844 262 962 292 intrusa

251 307 340 339 puto.

294 344 348 377 98,
363 343 412 374 15.
437 343 502 384 φέςε
517 345 572 385 γὰρ
587 346 776 377 referendum
791 347 828 376 ad
846 346 871 376 ἐν
886 346 965 377 δὲ·-

250 385 396 425 ῥᾳθύμθυς
410 392 470 418 ele.
487 398 517 426 p.
533 390 584 422 97.
601 391 653 420 26-

295 429 348 464 99,
364 433 393 460 2.
416 429 496 461 ἐπιτ.
519 431 588 461 hino
611 437 716 462 auctor
745 433 825 462 Phil.
851 433 908 463 lv.
934 443 965 474 p.

254 472 327 506 135,
343 474 395 502 525.

297 516 338 545 ⁰9
367 517 419 546 13.
446 516 492 546 Ad
510 519 562 551 24,
581 518 633 547 29.

299 558 351 591 99,
369 561 418 588 18.
452 560 544 597 Lege,
569 559 741 590 παύσασθαι
767 570 802 589 π.
819 572 849 590 τ.
867 571 895 590 κ.
912 561 970 588 ἀλ-

254 598 355 629 λήλων.
380 601 431 629 Καὶ
449 601 574 636 κακόνους
587 601 641 641 μέν
650 620 700 631 -.

298 644 352 678 99,
368 646 419 673 28.
444 645 486 673 νῦν
505 655 536 681 γε
556 645 588 675 δὴ
610 649 708 674 ortum
735 656 750 673 e
775 644 857 675 Phil.
874 644 919 675 II.
936 645 978 686 ps

255 686 308 720 70,
326 689 356 714 4.
384 686 481 715 Mirm·
495 687 638 717 Sehaeferi
652 687 815 725 judicium.

299 730 373 763 100,
388 732 415 758 1.
442 729 561 764 Malim,
577 729 628 764 ἕως
644 730 885 769 δημοκρατῆσθε.
908 730 969 766 Qu.

254 770 334 800 enim
357 782 394 801 an
419 771 468 804 ἕως
488 773 677 802 ἂνΞιι·Ιιι”Ιε.
705 774 791 803 Solet
807 773 895 803 until.
920 772 970 806 ἕως

255 813 299 848 ἂν,
314 814 418 845 while.
453 815 531 845 Phil.
552 816 618 845 111.
641 826 673 856 p.
693 819 766 853 114,
790 819 821 847 3.
846 816 906 846 nisi
927 817 970 846 ibi

257 856 320 885 del.
337 856 382 886 ἄν.

301 897 376 940 [47]
418 902 491 935 100,
522 903 572 931 10.
606 900 700 940 Lege,
730 902 780 931 τὴν
809 899 877 940 ἰι-σις’
905 901 973 941 ὑμῖν

258 939 349 971 heve.
367 953 405 972 ex
424 943 502 972 Phil.
519 944 575 974 lv.
592 954 624 983 p.
642 947 716 975 135.
735 946 786 974 10.
811 945 882 974 vide
897 955 971 974 mss.

303 986 375 1019 100,
393 988 444 1016 20.
470 986 569 1016 Recte
586 997 642 1017 ms.
663 989 692 1017 S.
712 986 865 1027 ἀμύνεται.

302 1034 376 1068 101,
393 1037 420 1063 1.
438 1034 524 1072 σιροῖς
535 1044 591 1072 per
603 1044 692 1063 unum
705 1033 731 1073 ξ.
755 1035 974 1064 Eratosthenes

257 1075 395 1105 Brunck.
406 1077 544 1106 Analect.
557 1076 584 1106 I.
596 1087 627 1114 p.
638 1079 712 1107 478.
738 1077 974 1107 Anaxandrides

258 1118 396 1147 Athenaei
413 1119 472 1148 lv.
490 1120 563 1149 131.
587 1120 623 1149 C.
645 1120 694 1148 ubi
714 1119 817 1149 malim
836 1125 975 1158 transpo-

258 1170 340 1196 nere,
356 1159 490 1201 Κέγχςων
515 1172 548 1190 τε
568 1160 652 1200 σιξόν,
676 1161 787 1194 Βόλβων
809 1172 842 1192 τε
865 1162 976 1203 χύτραν

261 1203 335 1233 Δωδ.
358 1203 440 1233 Vide
457 1204 616 1243 Aristoph-
633 1205 721 1236 Eocl.
738 1207 834 1236 1083.
869 1206 976 1236 Valck.

261 1246 363 1275 Diatr.

306 1291 381 1327 101,
408 1291 548 1321 12—21.
581 1289 673 1320 Certe
701 1300 797 1329 usque
822 1291 860 1320 ad
887 1302 977 1330 στρα-

261 1332 349 1369 τηγοῦ
375 1331 429 1362 lin.
458 1334 510 1362 18.
538 1344 577 1362 ex
606 1333 684 1362 Phil.
708 1334 766 1362 1V.
791 1344 822 1372 p.
847 1334 922 1369 137,
945 1335 977 1364 7.

260 1375 363 1404 forsan
380 1379 411 1403 et
426 1375 552 1413 reliqua.
571 1375 621 1404 ubi
638 1375 708 1405 vide
725 1376 764 1405 de
780 1377 838 1406 hoc
855 1377 935 1406 loco.

306 1420 379 1452 101,
399 1419 453 1448 15.
487 1418 648 1458 δημοσιόυς.
674 1418 806 1450 Androt.
829 1420 904 1455 615,
926 1420 978 1448 12.

265 1460 370 1489 confer
386 1462 437 1491 22.

305 1505 380 1538 101,
397 1504 451 1533 25.
478 1502 603 1539 Malim,
626 1503 657 1532 ἃν
676 1505 776 1534 ταῖτα
795 1506 837 1544 μη
859 1503 979 1535 ἐθέλητε

264 1546 361 1574 ποιεῖν.
378 1545 480 1575 forsan
497 1557 535 1575 ex
552 1558 583 1586 p.
603 1549 675 1581 103,
690 1550 721 1578 9.

307 1591 380 1623 101,
397 1590 449 1618 27.
471 1589 588 1619 Seneca
601 1589 701 1628 Epist.
713 1591 754 1619 82
767 1589 834 1620 iuit.
855 1593 876 1607 ‘⁸
890 1588 982 1619 Desii

260 1630 323 1670 jam
341 1632 379 1661 de
396 1637 426 1661 te
443 1642 510 1661 esse
535 1632 697 1662 sollicitus.
731 1634 843 1671 Quem,
866 1632 981 1672 inquis,

262 1674 392 1703 deorum
409 1684 589 1713 sponsorem
607 1674 799 1714 accepisti3''

308 1719 382 1752 102,
401 1720 452 1747 12.
477 1717 587 1748 Reisk.
603 1718 673 1747 Ind.
690 1716 869 1749 ἀναδύεσθαι.

307 1761 381 1794 102,
412 1761 462 1790 13.
497 1759 609 1790 Confer
635 1760 716 1790 Phil.
749 1762 776 1790 I.
808 1771 839 1799 p.
866 1762 920 1796 43,
948 1761 979 1791 5.

263 1802 390 1840 Olynth.
404 1803 432 1831 I.
445 1813 474 1840 p.
489 1804 540 1837 17,
552 1805 582 1833 6.
605 1803 705 1832 Valde
718 1803 861 1841 suspicor
872 1804 982 1838 omnia,

263 1843 330 1873 ὅταν
353 1846 379 1874 νὴ
407 1844 609 1883 Δία-λέγειν
636 1845 722 1884 ἄξιον,
747 1846 847 1885 primo
871 1857 888 1876 e
910 1846 981 1876 loco

264 1887 348 1916 Phil.
367 1886 394 1917 Ι.
416 1892 447 1916 et
468 1888 591 1918 aliunde
613 1894 775 1927 compacta
797 1890 834 1918 ab
858 1893 981 1918 auctore

264 1929 451 1969 Philippicae
465 1931 592 1967 Quartae
608 1941 637 1970 p.
651 1934 725 1967 138,
740 1933 788 1961 15.
803 1936 894 1970 atque
910 1931 982 1961 inde

265 1972 324 2001 huc
340 1973 494 2004 translata.

309 2017 383 2051 102,
412 2018 463 2046 15.
501 2015 596 2046 πάλαι
623 2016 808 2057 παρελήλυθε.
844 2018 910 2047 Imo
940 2018 981 2047 nil

265 2056 364 2087 minus
381 2067 468 2096 quam
484 2060 646 2096 proeteriit5
670 2060 810 2098 suspicor
826 2065 981 2090 auctorem

267 2100 439 2139 sublegisse
464 2101 596 2139 aliquam
618 2102 817 2138 locutionem,
842 2103 896 2132 uhi
918 2108 983 2133 erat

265 2142 367 2182 καιςός,
391 2153 450 2173 non
474 2144 591 2181 ἀνάγκη.
626 2144 707 2173 Vide
731 2145 770 2174 de
794 2145 907 2176 Coron.
932 2148 984 2176 60.

268 2186 369 2215 Recte
394 2191 500 2215 auctor
525 2187 657 2216 Prooem.
680 2190 711 2217 1.
731 2196 805 2227 opp.
826 2189 928 2225 ἀναγκ.
954 2194 985 2219 et

267 2228 362 2257 πάλαι
377 2226 540 2263 ἐθέλοντας.

313 2272 385 2307 102,
403 2274 455 2302 16.
483 2274 532 2303 την
554 2271 581 2302 δὲ
600 2275 655 2303 τρῖ-ν
675 2271 776 2303 δούλων
795 2273 984 2316 ἀπεύχεσθαι

266 2313 354 2343 δήπου
367 2316 412 2353 μὴ
424 2314 560 2353 γενέσθαι
573 2315 621 2346 δεῖ.
645 2317 722 2346 Cum
737 2318 867 2356 Sopatro
879 2318 985 2347 omitte

266 2357 319 2392 δεῖ,
341 2363 370 2386 et
390 2358 459 2396 lege
482 2358 659 2399 ἀπεύχεσθε.
690 2360 770 2389 Vide
795 2360 876 2390 Phil.
894 2360 938 2390 11.
954 2371 984 2399 p.

266 2401 390 2434 '71‚18.
423 2400 582 2430 Phimu.
610 2412 642 2440 p.
661 2404 734 2437 119,
757 2405 809 2432 26.
837 2402 985 2442 εὐχόμενοι

267 2444 311 2481 μὴ
327 2441 474 2479 γενέσθαι.
508 2445 596 2482 Lept.
616 2455 646 2482 p.
664 2447 739 2480 489,
757 2448 810 2476 16.
831 2445 985 2484 ἀπεύξαιτ’

269 2484 510 2522 ἄν’-γενέσθαι.
548 2486 687 2525 Aristog.
712 2487 737 2517 1.
767 2497 800 2526 p.
827 2490 901 2521 779,
933 2491 985 2518 20.

268 2527 460 2568 ἀπεύχεσθαι
474 2529 534 2562 τοῖς·
556 2527 625 2563 θεοῖς
644 2530 686 2567 μὴ
707 2529 842 2566 γενέσθαι
859 2531 911 2559 δεῖ.
934 2531 985 2559 Ti·

270 2578 365 2599 moer.
379 2582 410 2610 p.
421 2573 499 2607 718,
518 2573 569 2602 16.
590 2571 621 2600 ἓιν
633 2572 920 2611 ἀπεύξαισθε-μὴ
937 2582 985 2610 γε·

269 2611 376 2642 vicem.
404 2613 547 2643 Ceterum
563 2614 670 2644 confer
686 2614 765 2644 Phil.
782 2615 849 2646 111.
866 2626 894 2655 p.
914 2618 985 2651 128,

268 2655 301 2684 ¹7.
321 2654 450 2685 Androt.
463 2658 537 2690 610,
549 2658 580 2687 S.
591 2657 763 2697 (75212).
788 2658 873 2688 Plato
888 2659 985 2698 Hipp.

271 2698 347 2734 Maj.
375 2700 396 2726 t.
417 2699 449 2727 5.
478 2709 509 2737 p.
531 2701 606 2730 432.
629 2701 678 2730 ed.
704 2700 904 2740 ΕΗΒ-μου
923 2700 985 2739 ἐφι-

270 2737 371 2769 κέσθαι
388 2740 566 2778 πειράσεται.
583 2745 649 2777 Πῶς
665 2741 771 2780 λέγεις,
791 2743 932 2778 δεσπότης
944 2742 988 2778 τί,-

270 2793 323 2811 ew
350 2782 363 2811 ὅ
393 2781 531 2821 drogo-am&
560 2784 636 2815 ἐστι.
672 2786 756 2817 Vide
785 2787 825 2816 de
852 2787 923 2816 Cor.
954 2797 985 2826 p.

316 2870 389 2905 102,
417 2869 470 2897 21.
504 2867 587 2906 ἄξιον.
622 2869 704 2900 Vide
728 2871 767 2901 de
792 2871 926 2908 Corona,
952 2882 984 2912 p.

273 2911 347 2944 2923,
365 2911 417 2939 25.

317 2954 391 2988 102,
407 2954 459 2984 25.
482 2952 515 2983 τό
533 2953 613 2998 [την]
629 2954 724 2996 εἶρῇνην
736 2957 809 2995 ἄγειν
822 2959 858 2993 ὡς
872 2956 985 2996 ἆγαθίν.

557 147 606 187 P.
641 147 690 188 P.
724 146 981 190 DOBREE
1012 146 1412 190 ADVERSARIA

1000 263 1078 292 Delo
1094 273 1162 292 cum
1181 263 1253 292 ΑΜ.
1269 263 1360 302 Tayl.
1385 262 1587 294 necessarius
1602 264 1715 294 articu-

999 306 1045 335 lus
1062 306 1137 335 infra
1152 316 1182 344 p.
1200 307 1272 342 103,
1290 308 1318 336 3.
1334 305 1384 335 hie
1400 310 1499 336 nocet.

1044 351 1118 383 103,
1133 352 1164 378 2.
1189 347 1235 377 ἐπὶ
1252 360 1286 378 π.
1311 348 1394 378 Vide
1414 350 1465 384 13,
1481 350 1533 380 22.

1046 393 1120 425 103,
1140 393 1190 422 19.
1221 392 1372 421 ἀδικοῦντα
1395 396 1491 421 ortum
1514 402 1530 420 e
1553 390 1634 420 Phil.
1649 389 1716 422 III.

1001 444 1031 473 p.
1052 436 1124 467 112,
1144 436 1192 463 12.
1218 435 1284 463 Iino
1299 435 1409 464 coll-«no
1426 434 1507 463 Phil.
1522 432 1581 463 IV.
1597 443 1627 472 p.
1642 435 1717 468 146,

1002 480 1052 506 21.
1069 477 1139 506 dele
1155 488 1263 516 στςατ.
1281 478 1377 506 retine
1394 478 1468 507 1280..
1491 476 1570 512 Quis
1587 486 1717 515 unquam

1002 519 1083 548 dixit
1098 522 1217 558 φανεςῶς
1232 520 1412 559 creaverim?
1440 520 1520 549 Vide
1537 519 1575 548 ad
1593 520 1641 548 De
1657 518 1717 548 Co-

1003 571 1078 591 rona
1102 564 1173 592 177.
1204 563 1276 592 NB.
1304 564 1442 593 ordinem
1467 572 1569 592 rerum
1599 561 1638 592 ad
1669 562 1717 591 De

1003 605 1125 634 Corona
1148 608 1200 634 21.
1244 605 1381 636 AEschiu.
1407 616 1439 644 p.
1465 607 1517 644 68,
1549 607 1600 634 10.
1638 602 1719 633 Mox

1003 648 1101 676 τοῖτον
1131 647 1267 678 indidem
1298 649 1479 688 receperim.
1496 647 1608 677 —Vel
1634 659 1656 676 ο.
1684 654 1719 685 φ.

1004 690 1154 720 ἀδικοῦντα
1168 702 1207 729 μ.
1226 691 1273 721 vel
1287 703 1310 721 ο.
1326 689 1577 731 pavendam-a,
1593 701 1626 720 π.
1638 700 1666 719 ιι.
1679 701 1718 728 μ..

1004 733 1065 771 legi
1096 743 1188 771 posse
1218 739 1305 773 puto,
1334 735 1383 764 vel
1410 734 1514 768 etiam,
1545 733 1622 762 ἀδικ.
1652 743 1720 771 ατς.

1005 776 1080 806 ωόλ.
1095 787 1125 805 κ.

1052 821 1124 854 104,
1139 820 1168 848 8.
1182 819 1273 848 conf.
1287 829 1318 858 p.
1332 822 1406 856 113,
1425 821 1475 849 12.

1050 863 1125 896 104,
1143 864 1173 891 8.
1207 862 1306 892 Recte
1330 873 1390 892 om.
1418 860 1576 892 Bekkerns
1599 859 1662 901 ἑξεῖ,
1688 864 1721 890 ut

1007 904 1090 934 Phil.
1108 905 1164 934 lv.
1188 915 1220 944 p.
1238 908 1375 939 1‹1=7,20.

1052 949 1126 982 104,
1145 949 1196 977 27.
1221 948 1282 987 πξῖν
1297 947 1329 977 ἂν
1345 949 1410 982 τοὺς
1436 947 1462 978 ἒν
1485 945 1561 987 αὐτῇ
1580 945 1620 988 »rii
1641 944 1723 976 πόλει

1007 989 1151 1020 κολάσητε
1193 988 1332 1030 [ἐχθροὺς
1371 991 1580 1030 ὑπηςετοῦντας
1615 987 1723 1031 ἐκείνῳ]

1009 1033 1089 1061 Vide
1106 1033 1194 1068 infra,
1208 1044 1236 1071 p.
1248 1035 1302 1063 59.

1029 1109 1037 1111 „
1054 1073 1128 1115 [48]
1164 1076 1235 1110 105,
1268 1078 1320 1106 12.
1361 1073 1396 1105 ὧν
1424 1075 1479 1115 μὲν
1507 1074 1724 1115 ἀπεστέρησθε.

1010 1116 1124 1146 Sensus
1142 1117 1274 1154 videtur,
1293 1129 1355 1158 quae
1370 1119 1438 1149 belli
1449 1119 1525 1157 jure
1539 1119 1608 1149 olim
1619 1119 1726 1156 ceperit

1008 1165 1162 1198 praeteren:
1185 1165 1216 1190 et
1233 1166 1409 1200 suspectum
1426 1161 1539 1191 ἄστεα-τ.
1555 1159 1729 1200 praesertim

1010 1212 1102 1241 quum
1117 1214 1156 1233 ex
1173 1203 1351 1241 insequente
1377 1203 1449 1234 oriri
1470 1204 1615 1242 potuerit.
1660 1203 1725 1232 Ex-

1012 1252 1195 1282 spectarein,
1220 1245 1238 1274 3
1257 1245 1314 1285 μὲν
1336 1245 1485 1287 ἀφῄρησθε
1513 1246 1566 1286 (ut
1581 1255 1653 1275 mox
1672 1245 1726 1276 lin.

1012 1287 1096 1327 Qu),
1112 1294 1164 1318 aut
1180 1288 1291 1319 simile.
1337 1290 1398 1319 Sed
1420 1289 1603 1329 simplicius,
1622 1286 1658 1318 ὦν
1672 1287 1728 1326 μὲν

1011 1330 1216 1370 ἀπεστὲξησὲε
1228 1331 1310 1371 τέως,
1325 1334 1475 1363 σιωπῶ-
1487 1331 1598 1361 deletis
1614 1330 1727 1361 deiude

1012 1373 1114 1403 πόσα-ν
1128 1375 1238 1404 aim-err.
1257 1381 1292 1405 ut
1303 1385 1411 1405 sensus
1421 1376 1473 1410 sit,
1483 1385 1541 1405 uon
1551 1373 1728 1414 defraudati

1011 1418 1087 1452 estis,
1103 1418 1158 1447 sed
1176 1417 1358 1458 simpliciter
1379 1419 1528 1453 amisistis,
1550 1422 1583 1447 ut
1599 1416 1728 1456 Olynth-

1014 1459 1078 1488 111.
1096 1469 1126 1498 p.
1142 1462 1195 1495 36,
1213 1462 1243 1490 9.
1268 1460 1348 1490 Vide
1364 1471 1436 1490 mox
1454 1472 1484 1500 p.
1496 1462 1570 1496 106,
1586 1462 1616 1490 2.

1060 1505 1131 1538 106,
1149 1505 1200 1533 27.
1225 1503 1317 1533 δίδωσι
1334 1503 1477 1542 suspicor
1493 1513 1561 1533 esse
1577 1503 1673 1533 schol.
1689 1502 1729 1532 ad

1015 1544 1138 1583 δημεύει.
1178 1546 1239 1576 Sed
1268 1547 1338 1576 vide
1366 1557 1403 1576 an
1432 1546 1493 1576 del.
1516 1547 1670 1585 κατηγοξεῖ
1695 1549 1731 1575 ut

1015 1588 1111 1617 schol.
1136 1589 1174 1618 ad
1201 1588 1290 1628 agiva.
1313 1594 1449 1626 accusat,
1477 1589 1550 1619 bona
1575 1590 1728 1619 damnato·

1014 1640 1081 1660 rum
1107 1633 1274 1669 proscribit,
1297 1633 1449 1671 pecuniam
1480 1632 1628 1671 publicam
1653 1631 1731 1670 plebi

1015 1674 1159 1712 largitur.
1205 1675 1308 1713 Atque
1331 1675 1388 1707 hoc
1420 1685 1538 1704 verum.
1594 1674 1667 1704 Nisi
1689 1673 1731 1703 sit

1012 1718 1242 1755 proscriptorum
1270 1718 1354 1747 bona.
1412 1718 1519 1748 Primo
1546 1717 1671 1756 δημεύει,
1697 1716 1733 1746 he

1012 1759 1304 1798 corfiscates‚deinde
1313 1760 1405 1790 δίδωσι
1413 1760 1490 1799 (nisi
1500 1758 1734 1800 leg.812833wo·i),

1015 1800 1049 1831 he
1063 1803 1222 1841 squanders
1245 1804 1268 1832 it
1287 1804 1318 1832 in
1343 1803 1401 1832 idle
1425 1803 1569 1842 lurgesses.
1616 1803 1732 1833 Forsan

1015 1845 1143 1882 respicit
1162 1845 1280 1875 Auctor
1293 1856 1338 1874 or.
1353 1856 1388 1875 π.
1404 1845 1525 1884 turni.
1540 1855 1571 1885 p.
1590 1847 1665 1881 166,
1675 1848 1707 1876 5.

1060 1889 1134 1921 106,
1151 1891 1202 1918 21.
1227 1888 1303 1918 Cum
1329 1893 1393 1918 toto
1416 1889 1474 1918 hoc
1495 1889 1564 1918 loco
1587 1898 1732 1928 compara

1016 1930 1095 1959 mid.
1113 1940 1144 1968 p.
1162 1933 1238 1966 575,
1254 1934 1305 1961 ⁰24.
1319 1936 1379 1961 etc.
1395 1931 1431 1960 F.
1446 1931 1523 1971 Leg.
1541 1941 1571 1970 p.
1583 1933 1660 1967 405,
1677 1934 1731 1962 20.

1015 1972 1219 2012 (Aristum-at.
1236 1976 1351 2012 p.62‘2‚
1371 1973 1441 2014 12.)

1062 2017 1135 2051 107,
1153 2020 1183 2047 2.
1207 2021 1266 2046 ete.
1299 2018 1382 2046 Hinc
1412 2022 1444 2046 et
1472 2017 1512 2047 de
1533 2018 1645 2047 Coron.
1676 2027 1730 2056 pp.

1017 2060 1156 2090 292-3,
1179 2060 1268 2100 (vide
1284 2064 1316 2090 et
1336 2062 1412 2096 291,
1430 2059 1502 2101 19.)
1518 2059 1662 2092 Ῥτοαεω.
1678 2062 1732 2091 25.

1018 2111 1050 2141 p.
1068 2104 1210 2138 1436,1.

1064 2147 1137 2181 107,
1153 2144 1207 2175 ult.
1227 2145 1334 2175 Reisk.
1351 2144 1420 2176 Ind.
1435 2144 1544 2179 ἐκεῖνος.

1063 2189 1138 2223 108,
1153 2190 1185 2219 5.
1210 2188 1292 2218 Ηίηο
1308 2189 1381 2218 Pro.
1398 2190 1452 2219 33.
1465 2199 1496 2227 p.
1511 2190 1608 2226 1443,
1625 2195 1656 2220 1.

1063 2233 1139 2266 108,
1166 2233 1216 2261 14.
1240 2231 1342 2261 Locus
1365 2232 1456 2271 plane
1477 2232 1626 2271 gemellus
1654 2231 1734 2262 Mid.

1019 2283 1050 2312 p.
1067 2274 1142 2309 552,
1156 2276 1208 2304 20.

1064 2319 1207 2352 108,=17.
1231 2316 1355 2354 Malim,
1376 2319 1493 2358 Πειςαιῖέ
1517 2316 1567 2346 καὶ
1587 2317 1662 2347 καθ.
1679 2317 1733 2348 Sic

1019 2358 1050 2388 iu
1067 2358 1228 2400 Aristoph.
1246 2360 1345 2398 Vesp.
1359 2362 1432 2390 430.
1449 2360 1471 2388 οῖ
1488 2359 1517 2389 δὲ
1533 2361 1576 2388 τὼ
1588 2359 1734 2399 ’φθαλμὼ

1020 2400 1040 2430 ’ν
1073 2401 1168 2440 κύκλῳ
1204 2403 1329 2432 κεντεῖτε
1364 2402 1427 2431 καὶ
1464 2403 1529 2437 τοὺς
1564 2401 1733 2439 δακτύλους,

1021 2444 1142 2474 Brunk.
1161 2454 1200 2473 ex
1229 2455 1288 2474 eui.
1316 2445 1469 2475 Florentis
1492 2455 1548 2484 pro
1564 2445 1586 2475 οἱ
1601 2444 1630 2475 δὲ
1651 2446 1734 2487 (Hic

1021 2486 1056 2515 ad
1077 2487 1157 2516 Phil.
1174 2487 1234 2517 IV.
1250 2499 1278 2526 p.
1298 2489 1370 2521 146,
1384 2490 1416 2517 2.
1442 2489 1481 2518 ad
1501 2489 1549 2518 De
1572 2490 1685 2518 Coron.
1700 2499 1732 2528 p.

1021 2530 1095 2563 245,
1107 2528 1228 2569 21.)——
1239 2530 1490 2560 Emendationem
1504 2541 1562 2560 non
1574 2531 1733 2570 improbo;

1019 2571 1121 2602 minus
1135 2573 1290 2611 aliquanto
1307 2573 1510 2603 necessariam
1527 2579 1603 2612 puto
1625 2574 1666 2603 ob
1689 2575 1734 2603 lo-

1020 2625 1088 2644 cum
1116 2615 1196 2645 Mid.
1225 2626 1256 2654 p.
1277 2617 1353 2652 552,
1375 2619 1432 2663 Q).
1460 2616 1507 2646 οὐκ
1527 2617 1734 2654 ἀποκτενεῖτε;

1020 2657 1049 2687 οὐ
1078 2675 1121 2680 —-
1151 2657 1302 2690 Βαδιεῖσθε
1316 2669 1325 2696 3
1349 2676 1393 2681 —-
1423 2659 1486 2700 οὐχὶ
1517 2658 1710 2697 συλλήψεσθε
1724 2671 1734 2698 3

1021 2701 1141 2739 Nempe
1175 2701 1267 2731 video
1298 2712 1356 2731 non
1384 2702 1422 2731 ad
1448 2702 1531 2731 idem
1556 2703 1733 2734 referendas

1021 2752 1090 2772 esse
1114 2749 1177 2773 tres
1204 2745 1404 2783 quaestiones,
1438 2748 1467 2773 1.
1483 2755 1540 2774 non
1557 2745 1734 2784 implebitis?

1020 2789 1123 2816 2.⁷1on
1147 2787 1245 2816 ibitis?
1267 2790 1298 2818 ὃ.
1315 2798 1372 2817 uon
1389 2787 1560 2818 deducetis?
1583 2789 1637 2818 sed
1661 2798 1732 2818 esse

1019 2829 1106 2863 duas,
1137 2839 1223 2858 unam
1251 2829 1434 2869 simplicem,
1464 2840 1521 2861 non
1557 2831 1735 2870 implebitis?

1019 2871 1145 2902 alter-am
1163 2872 1350 2911 bipertitam,
1370 2884 1426 2903 non
1444 2883 1527 2910 um,
1552 2877 1579 2904 1.
1598 2873 1688 2910 ibitis,
1701 2876 1732 2905 2.

1019 2915 1168 2944 deducetis
1179 2916 1192 2943 2

1063 2959 1136 2994 109,
1156 2960 1204 2989 12.
1226 2957 1310 2989 Hinc
1326 2959 1398 2990 Pro.
1409 2962 1461 2990 41.
1478 2968 1510 2998 p.
1526 2960 1621 2994 1449,
1636 2962 1687 2990 14.
