1822 3187
505 281 541 310 C.

165 366 294 406 Cabyle,
308 366 458 406 oppidum
467 366 617 396 Tbraciae.
636 369 710 401 100,
723 368 776 396 *2-2.
792 370 879 396 estne

208 410 328 445 eadem,
350 420 418 449 quae
436 420 467 449 p.
490 412 560 446 159,
589 413 638 440 10.
665 410 800 448 Crobyle
824 418 878 448 ap-

207 453 343 492 pellatur
355 453 366 482 ἓ

166 496 319 530 Calauria,
335 496 383 526 vel
401 495 666 531 Calabrin,‘insula
681 504 778 534 prope
793 494 879 524 Troe-

208 549 323 569 zenem.
341 541 436 574 1188,
453 542 484 567 7.
510 539 553 568 ibi
570 537 718 577 templum
735 542 803 578 erat
814 539 879 568 Ne-

208 582 312 621 ptuni,
327 581 357 612 in
381 583 462 620 quod
481 582 708 611 Demosthenes
724 581 813 610 exsul
830 590 879 610 re·

208 625 358 664 fugiebat.
376 627 470 660 1479,
489 627 540 654 10.

165 669 277 699 Cardia
300 668 460 698 fraudabat
485 666 688 697 Charidemus
713 666 879 696 Athenien-

210 721 270 741 ses.
293 713 367 746 681,
385 713 415 741 6.
435 710 513 741 situs
537 710 604 748 ejus
630 710 879 740 accommodatus

209 754 247 784 ad
276 754 481 784 infestandum
509 758 604 783 totam
631 753 877 783 Cherrhonesum

208 798 454 827 excursionibus.
472 797 550 826 ibid.
568 799 620 827 19.

165 841 256 871 Caria
267 851 298 869 v.
315 839 480 870 Mausolus.

165 885 327 922 Cassopia‚
344 884 443 922 regio.
460 885 513 917 84,
530 884 582 913 99.

166 925 278 966 Κεβρὲν’,
303 927 368 962 ἔφυς,
396 926 544 966 oppidum
569 923 646 954 haud
674 923 784 963 procul
807 923 880 953 Ilio.

209 971 284 1003 671,
301 971 331 999 9.

166 1011 370 1051 Kephalenia.
400 1013 475 1046 884,
500 1012 553 1041 13.
579 1010 661 1039 unde
690 1009 805 1049 gentile
830 1016 879 1039 Κε-

210 1057 314 1095 φαλῆν,
329 1057 392 1089 ivos.
408 1056 483 1090 886,
500 1056 531 1084 2.
548 1055 624 1088 888,
639 1054 692 1083 15.

165 1098 342 1133 Chaeronea,
352 1098 473 1127 funesta
483 1097 535 1127 illa
547 1095 778 1127 Atheniensium
793 1096 879 1125 clade

209 1142 380 1178 nobilitata,
404 1151 470 1180 quae
497 1140 578 1170 nude
607 1141 620 1169 ἦ
641 1140 730 1180 μάχη
756 1139 880 1169 dicitur.

208 1187 283 1221 309,
306 1187 357 1215 99.
381 1186 456 1220 803,
473 1186 525 1214 97.
549 1183 676 1222 Olymp.
693 1183 765 1218 CX,
782 1184 812 1213 3.
831 1182 880 1212 die

209 1228 341 1267 septimo
355 1226 602 1267 MetagitniouiS.
647 1226 770 1256 Corsiui
787 1226 826 1256 F.
841 1227 880 1256 A.

208 1271 237 1302 I.
253 1282 284 1310 p.
303 1273 375 1302 359.
393 1272 469 1302 363.

166 1314 436 1350 Chalkedon,olim
461 1311 692 1343 Atheniensium
716 1322 784 1341 cum
806 1311 881 1341 fuis-

210 1358 385 1392 set,Persis
403 1361 549 1390 cesserat,
562 1355 727 1394 Byzantiui
746 1360 882 1394 postmo-

209 1401 282 1430 dum
300 1411 365 1430 eam
383 1399 660 1430 sibivindicarunt.
680 1400 752 1433 198,
772 1401 823 1428 19.

168 1444 307 1477 Chalkis,
339 1444 451 1473 ostium
476 1444 616 1473 Euboeae.
642 1444 717 1476 681,
745 1443 795 1477 17,
818 1446 884 1471 erat

210 1486 352 1526 primitus
382 1486 631 1519 Atheniensium,
661 1485 775 1514 deinde
804 1486 883 1515 sacta

210 1531 310 1560 suerat
353 1529 535 1569 metropolis
582 1528 724 1568 Olynthi.
764 1538 883 1566 argum.

212 1573 339 1612 Olynth.
357 1574 477 1612 primae,
495 1573 546 1602 nbi
559 1581 655 1611 genus
667 1571 883 1601 Chalkidicurn

211 1617 242 1646 in
258 1617 391 1646 Thracia
404 1616 532 1646 multum
546 1616 640 1645 fuisse
657 1614 781 1644 dicitur.

170 1660 362 1690 Chelidoniae
379 1659 498 1694 insulae,
520 1659 600 1688 intra
621 1668 697 1696 quas
720 1668 758 1687 ne
774 1657 884 1687 liceret

211 1704 317 1733 Persis
330 1703 486 1742 navigare,
500 1706 623 1732 cautum
633 1701 664 1730 in
682 1711 758 1740 pace
772 1701 883 1730 fuerat.

211 1749 287 1779 4⁴29.
306 1751 334 1777 1.

168 1790 412 1819 Cherrhonesus.
429 1788 565 1827 Philippi
582 1787 715 1816 studiosi
731 1796 882 1816 rumorem

213 1834 341 1863 Athenis
378 1833 575 1872 spargebant,
608 1832 698 1868 cujus
728 1834 882 1858 auctorem

212 1876 266 1905 ille
282 1887 313 1905 se
327 1876 457 1913 negabat
470 1885 548 1909 esse,
559 1884 627 1903 eum
646 1884 706 1903 aere
720 1883 774 1901 suo
791 1872 884 1901 ducta

212 1920 295 1949 fossa
317 1919 561 1948 Cberrhonesum
577 1927 593 1945 a
613 1921 693 1946 terra
709 1915 883 1944 continente

213 1967 423 2002 separaturum
442 1971 524 1996 esse,
536 1965 566 1989 et
576 1959 737 1998 peninsula
752 1958 882 1987 insulam

213 2007 374 2036 facturum.
397 2007 451 2040 73,
468 2007 498 2034 7.
522 2009 551 2032 et
567 2003 677 2032 classis
695 2012 731 2031 eo
747 2002 884 2030 mittere-

213 2055 276 2084 tur,
294 2048 482 2088 peninsulam
504 2047 542 2076 ab
558 2046 724 2076 insultibus
746 2044 883 2083 Philippi

214 2092 418 2127 custoditura,
431 2095 538 2120 auctor
547 2090 605 2119 fuit
618 2089 807 2129 perfecitque
819 2089 884 2117 De-

214 2136 398 2166 mosthenes.
415 2137 489 2169 959,
501 2136 530 2163 8.
547 2134 600 2163 ubi
613 2133 736 2162 videtur
751 2132 882 2161 classem

215 2179 415 2218 Diopitheam
445 2177 627 2215 significare.
682 2175 733 2205 Sic
762 2180 884 2204 servata.

213 2222 272 2252 suit
292 2221 534 2251 Cherrhonesus.
556 2222 643 2258 cujus
666 2219 710 2248 rei
734 2228 883 2247 memores

213 2264 459 2295 Cherrhonesitae
480 2273 607 2293 coronas
624 2273 731 2292 aureas
747 2261 882 2299 aliosque

215 2309 344 2338 honores
361 2308 399 2337 P.
422 2308 460 2337 A.
479 2307 666 2336 detulerunt.
715 2305 882 2334 Decretum

216 2356 319 2381 exstat
330 2362 360 2390 p.
372 2352 449 2385 ⁴256,
459 2353 511 2380 91.
523 2350 575 2379 ubi
586 2349 674 2378 etiam
689 2347 795 2387 populi
807 2357 883 2386 pen-

214 2395 344 2424 insulam
363 2399 500 2424 tenentes
522 2392 724 2425 nominantur,
762 2392 883 2426 Sestos,

216 2438 376 2476 Madytos,
416 2437 526 2472 Eleus,
550 2441 582 2466 et
619 2435 883 2473 Alopeconnesus.

215 2479 420 2511 Cherrhonesi
436 2479 559 2514 limites,
575 2483 606 2508 et
632 2478 767 2516 Philippi
791 2487 884 2515 super

215 2524 255 2554 iis
280 2534 348 2554 cum
373 2523 484 2553 Athen.
509 2520 728 2561 expostulatio.
755 2523 807 2553 86.
832 2522 883 2550 15.

216 2567 368 2607 perfossio
380 2566 509 2596 Cher-rh.
518 2570 642 2595 tentata.
657 2565 709 2599 86,
722 2567 773 2594 17.
787 2563 884 2592 Cher-

214 2612 374 2645 rhonesus,
385 2610 476 2648 juxta
492 2619 597 2648 pacem
617 2607 791 2646 Philippum
805 2606 885 2635 inter

217 2658 248 2683 et
259 2654 370 2684 Athen.
388 2652 553 2688 conditam,
571 2651 699 2681 cedebat
716 2650 883 2680 Athenien-

219 2698 315 2726 sibus.
332 2698 406 2727 365.
429 2696 484 2725 ult.
501 2694 648 2725 orationis
666 2693 883 2723 Aristocrateae

218 2739 428 2778 initium,quae
445 2739 541 2768 oratio
558 2749 635 2768 anno
645 2737 744 2776 primo
759 2737 883 2774 Olymp.

218 2782 321 2812 CVII.
355 2783 438 2812 dicta
469 2793 537 2812 esse
567 2781 716 2815 creditur,
746 2781 885 2809 hortatur

217 2825 432 2860 Athenienses,
448 2831 484 2855 ut
502 2824 710 2865 providerent,
729 2834 778 2858 ne,
794 2833 884 2862 quam

218 2868 273 2898 vix
295 2873 326 2898 et
342 2878 422 2907 :egre
444 2872 680 2908 recuperassent
695 2867 885 2897 Cherrhone-

219 2922 298 2946 sum,
324 2921 388 2940 eam
415 2922 520 2941 rursus
545 2911 728 2941 amitterent.
752 2912 828 2944 691,
853 2911 886 2938 7.

219 2965 275 2985 our
295 2954 490 2984 metuendum
512 2954 612 2985 minus
638 2954 688 2989 sit,
709 2964 745 2983 ne
768 2953 885 2982 Kerso-

531 130 726 172 INDEX
762 130 970 172 GEOGP.

981 131 1243 173 APHICUS

958 238 1080 276 bleptes
1097 239 1242 277 cupidine
1263 238 1466 269 Cherrhonesi
1483 244 1626 270 tentetur.

960 283 1034 317 657,
1053 286 1083 312 4.
1101 282 1302 312 Charidemus
1320 282 1624 313 lactabatAthenien-

959 334 1009 353 ses
1029 334 1101 354 vana
1119 335 1174 363 spe
1195 325 1392 355 restituendae
1410 325 1624 356 Cherrhonesi.

960 369 1035 401 671,
1054 368 1109 397 ult.

915 409 1024 444 Chius,
1035 411 1108 446 Cos,
1122 415 1152 439 et
1167 410 1298 440 Rhodus
1311 409 1408 440 Cariae
1424 409 1547 441 domino
1556 420 1626 449 per·

958 454 1062 482 missae
1078 463 1134 492 per
1150 464 1254 492 pacem
1273 453 1412 492 Philippi
1428 464 1496 483 cum
1513 454 1626 483 Athen.

959 498 1011 531 63,
1030 498 1080 526 18.

916 539 1040 568 Kirrha.
1058 538 1201 568 Kirrhaea
1215 539 1301 578 regio
1319 538 1454 576 Apollini
1473 537 1626 576 Delphico

959 587 1148 612 consecrata.
1165 585 1239 617 977,
1255 585 1286 612 6.
1303 582 1374 611 inde
1391 586 1493 611 natum
1510 581 1626 610 bellum

958 625 1248 663 Amphictyonicnm
1262 636 1328 655 cum
1342 624 1625 664 Amphissensibus,

958 669 1039 706 quod
1066 669 1244 707 Philippum
1268 668 1298 697 in
1318 668 1467 698 Graeciam
1490 667 1626 697 induxit.

958 710 1035 740 ibid.
1052 716 1081 740 et
1099 711 1127 740 in
1146 722 1231 752 seqq.

915 754 1050 784 Cleonae.
1067 755 1142 788 958,
1160 756 1190 783 8.

915 795 1010 832 Κοίλη,
1029 796 1227 835 municipium
1245 795 1390 825 Atticum.
1408 798 1482 830 611,
1498 797 1550 826 99.

915 840 1032 874 Colias,
1048 839 1287 878 promontorium
1306 839 1454 869 Atticum.
1473 840 1568 872 1356,
1587 839 1617 868 8.

914 883 1062 912 Colonus.
1084 882 1252 913 Κολωνῆθεν.
1274 883 1351 917 535,
1374 885 1404 914 9.
1431 883 1525 917 1352,
1541 884 1571 912 8.
1595 886 1629 911 et

960 928 1010 955 16.

914 968 1070 1008 Colyttus.
1087 970 1161 1004 988,
1180 969 1233 998 19.

914 1012 1080 1051 Corcyram
1093 1011 1176 1051 capit
1185 1010 1378 1041 Timotheus.
1395 1011 1472 1047 172,
1488 1010 1541 1041 95.
1552 1011 1628 1046 686,

958 1058 1010 1085 91.
1035 1055 1160 1094 Olymp.
1177 1054 1232 1090 cl,
1249 1057 1280 1085 4.

914 1098 1110 1128 Corinthiaco
1121 1099 1150 1127 in
1165 1098 1246 1128 bello
1257 1096 1459 1127 Athenienses
1472 1096 1628 1136 egregiam

958 1146 1106 1171 navaruut
1123 1151 1258 1180 operam.
1276 1141 1352 1174 958,
1369 1143 1420 1169 11.
1437 1151 1466 1179 p.
1482 1140 1557 1174 472,
1575 1141 1628 1169 ⁹20.

959 1185 1081 1224 attingit
1106 1185 1261 1223 ingentem
1284 1183 1369 1212 illam
1390 1182 1520 1216 cladem,
1539 1191 1629 1221 quam

959 1228 1162 1257 Athenienses
1183 1228 1214 1257 in
1237 1226 1320 1256 bello
1344 1225 1555 1260 Corinthiaco,
1571 1235 1630 1254 una

960 1281 1029 1300 cum
1055 1271 1159 1306 sociis,
1175 1281 1192 1300 a
1212 1268 1455 1299 Lacedaemoniis
1469 1278 1628 1307 accepere,

961 1314 1059 1343 coacti
1085 1314 1142 1343 sub
1172 1312 1256 1343 urbis
1282 1312 1394 1342 moenia
1418 1322 1452 1342 se
1478 1310 1627 1350 recipere.

960 1357 1187 1387 Corinthiorum
1205 1356 1361 1395 plerisque
1380 1354 1554 1384 volentibus
1575 1364 1630 1384 eos

960 1400 1097 1436 excludi,
1120 1410 1155 1429 ne
1181 1409 1239 1429 una
1260 1409 1327 1428 cum
1347 1397 1424 1438 ipsis
1447 1397 1632 1436 trepidanti-

959 1443 1029 1478 bus,
1047 1444 1151 1473 hostes
1163 1452 1285 1482 quoque
1298 1451 1352 1481 per
1367 1446 1471 1480 portas
1488 1445 1630 1480 patentes

959 1486 990 1516 in
1019 1488 1123 1516 urbem
1160 1486 1376 1523 irrumperent,
1405 1485 1490 1513 suere
1527 1488 1628 1513 tamen

961 1529 1191 1559 Atheniensium
1220 1528 1344 1568 quidam
1373 1526 1476 1561 amici,
1501 1526 1552 1565 qui
1577 1537 1630 1556 eos

960 1582 1117 1612 recepere.
1139 1582 1245 1602 verum
1269 1572 1299 1601 hi
1317 1576 1455 1610 tempore
1471 1574 1554 1608 post,
1574 1570 1631 1609 La-

961 1615 1159 1645 eedaemouiis
1175 1615 1321 1645 Corintho
1338 1613 1458 1653 potitis,
1474 1613 1558 1643 illinc
1575 1623 1629 1642 ex·

962 1659 1112 1688 sularunt.

918 1702 1066 1732 Coronea.
1097 1704 1149 1737 69,
1175 1704 1226 1732 10.
1269 1700 1433 1740 Philippus
1458 1699 1515 1728 sub
1541 1699 1631 1729 finem

961 1746 1035 1775 belli
1057 1745 1186 1775 Phocici
1211 1744 1374 1774 desolavit.
1391 1743 1465 1778 375,
1483 1744 1535 1771 19.
1555 1742 1631 1777 445,

961 1791 1014 1818 91.
1038 1793 1128 1827 atque
1153 1787 1309 1818 Thebanis
1333 1786 1470 1816 donavit.
1497 1787 1573 1821 385,
1597 1787 1630 1816 5.

962 1831 1038 1868 haec,
1056 1836 1086 1860 et
1109 1831 1237 1866 Corsiae,
1254 1835 1285 1859 et
1301 1830 1524 1862 Orchomenus,
1544 1832 1630 1858 erant

960 1878 1023 1904 tres
1047 1873 1252 1903 Phocensium
1269 1884 1367 1908 arces,
1384 1872 1464 1901 unde
1485 1871 1517 1900 in
1539 1872 1630 1901 Boeo-

960 1917 1032 1946 tiam
1048 1919 1262 1947 excurrebant.
1303 1916 1435 1946 Diodor.
1459 1913 1522 1943 Sic.
1536 1915 1582 1944 11.
1599 1924 1631 1953 p.

962 1962 1034 1990 1227.

917 2003 1045 2038 Corsiae,
1068 2003 1133 2042 pari
1159 2004 1279 2032 fortuna
1302 2012 1370 2031 curn
1396 2002 1536 2030 Coronea
1554 2009 1628 2029 usae.

959 2049 1034 2082 385,
1051 2051 1081 2078 5.
1099 2057 1126 2075 ν.
1141 2046 1325 2084 wesseling
1347 2045 1383 2074 ad
1410 2044 1540 2073 Diodor.
1557 2044 1585 2073 1.
1601 2054 1628 2072 e.
1681 2067 1686 2071 .

918 2091 992 2124 Cos,
1008 2091 1116 2124 Chius,
1135 2094 1164 2119 et
1182 2089 1313 2118 Rhodus
1335 2087 1405 2118 Cari
1423 2087 1580 2126 permissae
1596 2086 1627 2115 in

961 2143 1037 2172 pace
1056 2132 1193 2171 Philippi
1209 2142 1276 2161 curn
1294 2131 1404 2162 Athen.
1422 2132 1474 2165 63,
1487 2131 1539 2160 18.
1554 2131 1629 2164 198,

961 2179 1012 2206 90,
1037 2177 1132 2206 Coum
1147 2176 1249 2204 vinum
1260 2175 1483 2213 exportabatur
1499 2173 1529 2201 in
1547 2173 1629 2202 Pon-

960 2224 1034 2248 tum.
1049 2221 1123 2254 933,
1140 2221 1189 2249 15.
1207 2219 1280 2253 935,
1299 2220 1330 2248 8.

918 2264 1066 2297 Crithote,
1084 2262 1233 2301 oppidum
1249 2257 1466 2290 Cherrhonesi.
1484 2259 1561 2292 679,
1575 2259 1628 2288 90.

961 2307 1036 2341 673,
1053 2308 1104 2336 97.

918 2350 1054 2390 Kyaneae
1074 2358 1179 2388 rupes,
1195 2347 1277 2377 intra
1298 2356 1373 2385 quas
1398 2355 1435 2374 ne
1458 2344 1628 2382 navigaret,

961 2392 1157 2421 interdictum
1176 2391 1234 2420 fuit
1250 2389 1339 2419 classi
1359 2387 1502 2419 Persicae.
1513 2388 1588 2421 429,
1598 2389 1629 2417 9.

918 2435 1127 2475 Kynosarges.
1145 2435 1289 2470 691,18.

919 2479 1060 2518 K5prus,
1075 2477 1274 2516 municipium
1292 2474 1441 2505 Atticum.
1454 2474 1529 2506 949,
1547 2474 1598 2503 13.

918 2521 1160 2560 Kytheraitem.
1206 2526 1265 2548 Κυ
1247 2518 1357 2557 ὒήραδε
1379 2519 1474 2551 1040,
1491 2518 1543 2545 19.

918 2565 1062 2604 Kythnos
1075 2569 1105 2593 et
1123 2563 1254 2602 Siphnus
1273 2559 1423 2591 Athenis'
1416 2569 1446 2588 in
1464 2557 1628 2598 proverbio

961 2607 1186 2646 usurpabantur
1216 2614 1271 2644 pro
1303 2603 1426 2643 populis
1455 2601 1630 2637 contemtis,

961 2649 1114 2689 exemplis
1127 2654 1269 2678 extremae
1286 2645 1491 2686 ignobilitatis
1506 2649 1537 2674 et
1550 2644 1631 2674 intir-

961 2693 1250 2728 mitatis.176,10.

919 2735 1084 2775 Kyzikeni,
1107 2745 1160 2764 cur
1183 2735 1220 2764 ab
1247 2731 1483 2763 Atheniensibus
1507 2729 1628 2760 defece-

962 2779 1033 2814 rint,
1051 2784 1081 2808 et
1103 2778 1184 2808 bello
1208 2776 1317 2807 sociali
1339 2776 1488 2805 adversus
1510 2783 1563 2803 eos
1584 2772 1629 2801 iu-

962 2822 1133 2851 terfuerint.
1166 2820 1267 2852 Schol.
1292 2820 1329 2849 ad
1355 2819 1431 2850 570,
1458 2818 1509 2847 15.
1534 2819 1629 2846 stater

963 2865 1143 2904 Kyzikeuus
1183 2864 1305 2893 valebat
1343 2862 1373 2891 in
1410 2861 1553 2898 Bosporo
1587 2859 1628 2887 98

963 2909 1123 2938 drachmas
1139 2906 1268 2938 Atticas.
1281 2907 1418 2939 914,11.
1434 2903 1514 2933 unde
1531 2905 1630 2942 paret,

963 2962 1117 2982 nummum
1134 2959 1258 2981 aureum
1271 2948 1377 2978 fuisse.
