1822 3187
562 173 1053 220 DEMOSTHENEAE.

119 281 268 321 tantisper
297 292 315 312 a
348 282 454 321 judice
484 282 532 312 vel
561 282 705 312 archonte
738 289 786 310 me

120 323 219 354 citari.
234 327 307 361 996,
323 328 375 357 26.

77 366 213 407 δηλονότι]
242 369 367 408 quippe,
396 372 513 408 utpote,
548 367 608 402 vel,
644 366 676 396 id
704 364 786 404 quud

120 415 366 448 consentaneum,
402 421 499 451 neque
534 409 703 443 mirandum
730 411 787 438 est.

78 494 178 535 δήπου]
202 496 214 525 ὁ
229 508 328 527 ταυτα
351 496 465 527 ἕκαστα
491 493 575 524 δήπου
596 492 698 532 τάξας.
723 491 790 531 qui-

123 548 240 577 cunque
257 541 377 570 tandem
393 539 443 572 ille
460 537 528 572 fuit,
544 536 596 576 qui
610 537 676 565 haec
691 535 791 565 omnia

124 581 289 612 ordinavit.
300 583 410 616 646,2
414 601 422 611 .

79 623 187 664 δηλοῦν]
209 624 319 654 καθα
286 635 334 663 ρους
353 623 456 653 δηλοῦν.
484 623 557 656 159,
575 624 604 650 1.
636 621 672 654 ὣς
692 621 793 659 σαφῶς

123 665 203 695 δηλοῖ
212 667 258 696 καὶ
273 664 424 715 διορίζεται.
441 666 515 699 239,
534 666 585 694 10
608 663 792 703 ἣπροαίρεσις

123 708 195 739 αὐτη
205 711 252 742 τὴν
261 720 309 738 του
294 705 479 747 συμέούλου
489 707 603 737 διάνοιαν
616 706 702 737 δηλοῖ.
717 707 791 741 292,

123 752 176 780 20.

83 792 271 833 δημαγωγεῖν]
295 791 446 822 ductitare
463 790 632 821 blanditiis.
646 792 698 825 98,
712 793 765 820 10.

77 835 246 875 δημαρχεῖν]
284 835 495 873 magistratum
531 833 699 868 demarchi,
735 843 789 863 seu

120 877 294 908 decurionis
321 877 352 907 in
374 878 462 907 demo
489 876 536 906 vel
552 875 720 915 municipio
735 886 790 914 ge-

120 930 197 950 rere.
215 919 448 961 δημαρχοῦντος’
449 917 610 959 Αντιφίλου.
626 920 722 953 1306,
737 921 789 949 22.

78 961 242 1003 δημαρχία]
267 973 336 992 cum
364 964 434 1002 quis
462 962 543 993 demi
570 962 617 992 sui
643 960 791 1000 magister

122 1011 178 1034 est.
197 1007 361 1040 1318,18.

78 1046 239 1088 δήμαρχος]
271 1048 283 1077 ὁ
309 1048 456 1089 δήμαρχος
490 1044 700 1085 ἒπαγγελλετω
734 1058 792 1079 τοις

123 1090 306 1129 προσήκουσιν
322 1092 437 1130 ἀναιρεῖν
459 1090 506 1120 καὶ
528 1090 664 1120 θάπτειν.
696 1090 792 1124 1069,

123 1135 176 1162 11.
198 1134 262 1166 τοὺς
285 1133 440 1167 βουλευτὰς
469 1133 519 1162 καὶ
543 1133 608 1167 τοὺς
631 1132 793 1172 δημάρχους

118 1175 296 1214 καταλόγους
312 1176 459 1206 ποιεῖσθαι
471 1178 526 1205 τῶν
539 1175 676 1214 δημοτῶν.
701 1176 794 1209 1208,

122 1218 154 1247 5.
179 1218 360 1249 demarchus
373 1229 469 1257 penes
485 1229 519 1248 se
541 1218 674 1252 tenebat,
691 1227 793 1246 serva-

122 1261 175 1289 bat
190 1261 338 1297 codicem,
365 1261 396 1290 in
420 1271 481 1299 quo
504 1260 619 1298 scripta
641 1265 728 1290 etant
742 1259 793 1288 de-

120 1308 270 1336 molarum
284 1303 418 1333 nomina.
434 1305 530 1338 1317,
549 1305 598 1333 18.

75 1344 218 1384 δημεύειν]
235 1347 310 1375 fisco
321 1346 515 1385 adjudicare.
529 1348 569 1375 τὰ
585 1343 678 1386 χωρία
692 1343 793 1384 δημεύ-

121 1397 157 1417 ειν
171 1387 220 1417 καὶ
249 1390 304 1424 τὰς
327 1387 424 1425 οἶκίας,
440 1388 489 1419 καὶ
512 1387 599 1418 ταῦτ’
613 1388 794 1427 ἀπογράφειν.

47 1455 59 1465 ,
123 1431 198 1466 609,
213 1432 266 1461 27.

80 1471 214 1511 δήμευσις
233 1473 403 1515 χρημάτων.
428 1472 627 1514 proscriptio,
654 1472 794 1512 publica-

122 1515 176 1544 tio.
192 1518 266 1551 215,
280 1519 333 1548 24.

78 1555 255 1600 δημηγορεῖν]
275 1557 346 1589 αὐτὸ
361 1561 414 1598 γὰρ
428 1557 461 1588 τὸ
476 1557 647 1598 δημηγορεῖν,
670 1569 700 1587 ου
714 1556 796 1597 μόνου

121 1603 261 1642 μετεῖχον
288 1601 354 1640 ἐγὼ,
380 1601 412 1640 ἐξ
438 1601 497 1631 ἴσου
521 1601 689 1642 προυτίθετε
714 1601 797 1639 ὑμεις

123 1645 185 1677 τοῖς
199 1655 231 1674 τε
247 1643 323 1683 παρ’
338 1643 434 1675 ἐκείνου
448 1644 642 1683 μισθαρνοῦσι
658 1643 706 1673 και
722 1642 795 1683 ἐμοί.

123 1688 200 1722 306,
219 1689 251 1716 7.
288 1690 400 1718 πολλῶν
425 1686 516 1725 ἀξίους
544 1686 674 1717 θανάτων
700 1685 796 1735 λόγους

123 1727 294 1770 ἐδημηγόρει.
310 1732 384 1766 345,
400 1731 453 1760 23.
476 1730 635 1770 δημηγορεῖν
655 1727 744 1767 λόγον.
766 1729 796 1758 iu

124 1772 271 1802 concione
300 1773 479 1803 sententiam
505 1773 649 1811 prodere.
674 1772 750 1807 657,
765 1773 796 1801 3.

125 1812 214 1843 ἐκεῖνα
236 1814 469 1855 δεδημηγορηκώς.
495 1815 526 1845 in
553 1815 702 1845 concione
728 1824 796 1843 cum

125 1856 178 1886 illa
207 1858 311 1888 verbis
338 1857 550 1896 praedicasset,
577 1857 715 1887 oratione
751 1858 797 1895 ja-

126 1903 249 1929 ctasset.
265 1902 381 1935 441,6.

82 1941 257 1983 δημιουργὸς]
275 1941 432 1982 δημιουργοὶ
444 1942 674 1982 appellabantur
688 1941 798 1972 summi

125 1985 157 2014 in
174 1984 390 2024 Peloponneso
406 1989 436 2015 et
458 1986 540 2024 apud
556 1984 688 2014 Achaeos
703 1984 800 2024 magi—

127 2031 252 2063 stratus,
278 2033 311 2057 ut
325 2027 456 2058 Athenis
477 2028 662 2058 Archontes.
678 2030 788 2062 280,3
768 2041 799 2057 0.

128 2069 166 2109 b)
189 2068 360 2111 δημιουργός,
381 2071 477 2106 faber,
502 2070 620 2110 opifex.
647 2072 742 2100 καλῶν
767 2081 799 2108 γε

128 2111 210 2152 ἔργων
223 2112 405 2153 δημιουργὸς
393 2126 405 2142 o
420 2113 506 2154 ῥήτωρ
518 2113 586 2152 ὑμῖν
595 2111 710 2165 γέγονεν.
724 2115 801 2148 789,

132 2156 163 2184 9.
183 2154 343 2194 δημιουργδς
367 2154 470 2196 τέχνης
495 2167 566 2190 τινος
586 2155 687 2191 ἄλλης.
703 2158 800 2192 1123,

132 2199 183 2226 14.
207 2196 226 2226 ἃ
255 2197 342 2239 τέχνη
367 2197 526 2228 πεποίηται
546 2200 600 2228 τῶν
620 2197 719 2239 ἔργων,
741 2199 801 2233 τοῖς

131 2237 255 2279 ἀρίστοις
267 2239 449 2280 δημιουργοῖς.
466 2243 562 2276 1406,
578 2243 609 2270 1.

85 2281 284 2323 δημοκρατεῖν]
308 2283 389 2316 πόλις
411 2262 655 2324 δημοκρατουμένη
682 2282 804 2318 βεβαίως

131 2325 179 2354 οὐκ
193 2324 253 2355 οῖδα
266 2325 294 2355 εἰ
303 2324 349 2359 τίς
363 2323 428 2356 ἐστι
442 2328 497 2356 τῶν
511 2328 612 2356 πασῶν
621 2327 715 2357 λοιπή.
729 2329 804 2363 132,

89 2408 280 2450 δημοκρατία]
319 2420 372 2440 cur
403 2412 595 2449 praeferenda
621 2411 663 2440 sit
694 2411 805 2451 eligar-

133 2453 220 2482 chiae.
235 2455 310 2488 195,
331 2455 382 2484 16.
407 2464 473 2493 sqq.
495 2456 570 2490 608,
594 2460 697 2492 antep.
721 2454 804 2494 συνῴ-

132 2506 208 2525 κισεν
236 2495 338 2530 αὐτοὺς
363 2497 520 2537 (homines
547 2498 577 2526 in
605 2498 711 2527 Attica
740 2501 805 2526 tum

135 2537 299 2577 degentes)
323 2541 430 2573 Θησεὺς
449 2540 495 2569 καὶ
512 2537 698 2580 δημοκρατίαν
713 2539 805 2571 ἐποίη·

136 2582 417 2616 σεν.1370,16.αῖ
443 2581 629 2636 δημοκρατίαι
646 2585 744 2613 πολλὰ
758 2583 806 2613 και

135 2623 213 2650 καλα
224 2633 271 2652 και
289 2622 408 2653 δίκαια”
395 2636 518 2666 εχουσιν,
529 2629 565 2657 ὡν
579 2625 624 2655 δεῖ
630 2625 808 2668 ἀντέχεσθαι

137 2661 229 2702 vanu
235 2667 388 2704 φρονοῦντα.
406 2669 502 2704 1396,
517 2679 587 2707 pen.

94 2705 196 2746 ὸῆμος]
219 2705 308 2757 μείζω
322 2711 377 2751 χρὴ
391 2709 507 2750 νομίζειν
527 2713 576 2742 τῆν
587 2709 654 2751 πρὸς
673 2713 729 2746 τὰς
751 2711 808 2741 ὄλι-

137 2746 260 2789 γαρχίας
283 2749 352 2792 ἐ’χθρ
352 2763 397 2788 αν,
423 2765 437 2783 η
453 2754 502 2784 τῆν
522 2752 596 2793 ωρός
610 2765 675 2788 τους
695 2754 808 2794 δήμους-

141 2793 213 2827 168,
224 2793 275 2821 20.
292 2793 314 2822 οῖ
325 2793 465 2833 παριόντες
475 2794 601 2830 άπαντες
610 2796 657 2825 τὸν
667 2797 752 2835 δημον
761 2797 809 2837 (id

138 2838 186 2864 est
202 2845 250 2864 την
260 2834 464 2884 δημοκρατίαν)
474 2838 696 2869 καταλελύσθαι
706 2838 810 2877 ἔλεγον.

140 2878 212 2909 170
226 2878 258 2905 7.
283 2878 334 2908 ubi
351 2879 440 2909 etiam
464 2881 568 2916 docet,
592 2882 703 2920 quibus
719 2884 811 2912 rebus

139 2924 281 2949 cernatur
306 2932 319 2950 η
344 2922 393 2951 τοῦ
422 2922 511 2961 δήμου
541 2924 712 2959 κατα-λύσις.
737 2928 811 2961 214,

139 2964 192 2993 17.
215 2964 352 3002 κατάγειν
367 2963 413 2996 τὸν
428 2965 523 3005 δῆμον.
535 2966 751 2998 democratiam
764 2978 811 2997 re-

1475 173 1529 213 73

864 277 1001 308 stituere.
1017 279 1092 314 198,
1107 278 1160 308 27.
1182 277 1212 307 οὐ
1226 277 1280 318 γὰρ
1295 275 1477 318 ἀφαιρεῖσθαι
1491 277 1535 306 δεῖ

863 319 897 351 τὸ
913 320 1080 360 προσελθεῖν
1095 332 1136 359 τῳ
1123 320 1328 359 δήμῳ.229,
1346 323 1396 351 13.
1415 320 1533 362 χάριτος

863 363 960 404 Βωμόν
974 363 1105 404 ἱδρύονται
1119 374 1166 393 και
1179 362 1267 403 δήμου
1281 361 1441 394 Αθηναίων.
1457 364 1534 398 256,

865 409 917 437 25.
941 408 999 440 πᾶς
1015 407 1026 436 ὁ
1042 406 1128 445 δημος
1154 406 1207 435 ἄνω
1229 406 1352 435 καθητο.
1376 408 1450 442 285,
1466 408 1496 436 2.
1517 405 1534 435 ὅ

865 447 981 488 δημός’
972 460 1051 479 εστιν
1064 448 1161 490 οχλος,
1176 447 1447 488 ἀσταθμητότατον
1462 450 1534 489 πρᾶ-

865 502 933 532 γμα
962 494 1017 522 τῶν
1045 493 1185 522 ἁπάντων
1214 491 1262 521 καὶ
1285 490 1532 526 ἀσυνθετώτατον,

865 535 960 574 ὥσπερ
976 534 1001 564 ἐν
1023 534 1162 575 θαλάττῃ
1185 535 1298 573 πνεῦμα
1314 534 1533 564 ἀκατάστατον.

867 579 980 614 383,5.
993 578 1037 617 τῷ
1051 578 1129 617 δήμῳ
1144 575 1240 607 διδόναι
1257 579 1305 607 τὴν
1321 575 1421 615 ψῆφον.
1438 578 1533 611 1375,

869 622 920 650 18.
953 620 1026 651 οὐδὲν
1049 620 1218 659 ἀθλιώτερον
1243 621 1292 648 τοῦ
1317 621 1366 650 τὴν
1388 618 1458 659 ὑπὲρ
1484 620 1534 648 τοῦ

868 662 956 700 δήμου
970 661 1053 700 τάξιν
1066 663 1220 703 αἱρεῖσθαι.
1238 664 1334 697 1478,
1347 662 1398 692 15.
1422 661 1536 701 περιϊόν-

867 715 915 738 τες
930 704 1070 742 λέγουσιν,
1089 707 1124 738 ὡς
1143 706 1196 745 ἄρα
1214 703 1346 738 ἀξέβαιός
1367 704 1447 735 ἐστιν
1462 705 1473 733 ὅ
1491 703 1535 734 δῆ-

865 759 931 786 μος,
948 748 984 781 ὡς
997 747 1185 788 δύσχρηστος,
1204 749 1240 781 ὣς
1254 749 1424 788 αχάριστος.
1442 750 1538 782 1341,

869 790 924 820 ult.
940 790 951 820 ὅ
966 790 1052 830 δημος
1067 791 1236 830 κυριώτατος
1247 790 1281 820 ὢν
1295 792 1349 819 τῶν
1365 789 1391 819 ἐν
1405 802 1440 821 τη
1457 790 1538 820 πόλει

866 833 1010 868 ἁπάντων,
1033 843 1080 861 καί
1103 831 1160 872 ἐξῦν
1183 845 1261 863 dwrw
1292 835 1388 869 ποίεῖν,
1410 846 1434 870 0,
1456 845 1486 863 'Tb
1506 832 1539 862 ἂν

865 875 1014 909 Βούληται.
1038 878 1133 912 1374,
1158 877 1214 906 ult.
1251 875 1363 910 πάντας
1391 877 1468 916 ὑμας
1490 876 1540 905 και

865 917 926 949 δ’λον
940 918 986 948 τὸν
1000 919 1085 958 δημον
1099 919 1150 959 (ut
1173 919 1400 958 aequipollentia
1414 920 1540 958 conjun-

866 960 939 1002 cta).
948 964 1023 996 381,
1033 964 1084 993 25.
1109 961 1146 1002 b)
1157 962 1307 1001 particula
1314 962 1420 1001 populi
1430 962 1541 999 minor,

867 1005 974 1034 demus
995 1005 1090 1040 dicta,
1116 1015 1170 1034 seu
1188 1015 1299 1044 paguS,
1329 1015 1384 1034 seu
1411 1005 1540 1034 munici-

867 1047 953 1086 pium
978 1047 1066 1077 malis
1088 1048 1230 1077 reddere.
1265 1046 1356 1087 Dovf,
1384 1047 1543 1089 ΒΙανΙοζβε-

868 1089 940 1119 chen
969 1090 1002 1130 [a
1029 1090 1148 1129 village,
1176 1101 1194 1119 a
1222 1090 1347 1119 marl-et·
1337 1090 1455 1131 down}
1490 1091 1541 1120 τοῦ

869 1132 958 1172 δημου
982 1143 1049 1171 ημιν
1074 1132 1157 1162 πέντε
1184 1143 1230 1161 και
1258 1133 1409 1171 τριάκοντα
1435 1124 1542 1163 σταῗια

870 1173 1035 1215 ἀπέχοντος
1050 1186 1098 1203 του
1119 1174 1232 1208 ἄστεος.
1252 1177 1346 1210 1302,
1361 1179 1392 1205 4.
1417 1173 1473 1205 δ’σῡι
1488 1178 1543 1206 τῶν

869 1218 1006 1255 μεγάλων
1033 1217 1126 1256 δήμων
1154 1215 1235 1246 ἐστέ.
1261 1219 1357 1252 1316,
1382 1221 1433 1248 12.
1457 1224 1544 1248 erant

870 1269 944 1297 ergo
960 1259 1091 1289 minores
1106 1270 1227 1299 quoque
1241 1260 1334 1289 demi.
1351 1261 1430 1289 κατὰ
1441 1260 1544 1300 δήμους

870 1300 1016 1331 δικασταί.
1046 1303 1121 1338 735,
1138 1305 1189 1332 11.
1211 1301 1401 1334 ἐκβάλλουσιν
1427 1301 1482 1342 ἐμὲ
1512 1303 1544 1332 ἐκ

871 1345 921 1373 τοῦ
949 1345 1038 1384 δήμου
1060 1344 1225 1378 ἐλαύνοντες.
1255 1347 1349 1382 1281,
1366 1348 1418 1376 21.
1448 1345 1546 1385 δήμοις

872 1387 1002 1426 singulis
1019 1388 1067 1417 sui
1091 1388 1209 1427 proprii
1229 1390 1422 1428 γραμματεῖς
1447 1394 1544 1424 erant,

872 1435 903 1459 et
916 1431 1125 1470 γραμματεῖα,
1141 1430 1170 1460 h.
1189 1441 1216 1460 e.
1230 1431 1378 1466 codicilli,
1389 1431 1419 1460 in
1433 1433 1544 1470 quibus

872 1477 999 1502 exarata
1016 1477 1102 1502 erant
1122 1473 1246 1503 nomina
1274 1475 1424 1513 cujusque
1446 1474 1546 1504 muni-

867 1515 993 1554 cipalis.
1012 1518 1106 1551 1301,
1123 1518 1176 1546 20.

830 1557 1028 1598 Δημοσθένης,
1041 1569 1107 1588 cum
1136 1562 1239 1588 orator
1254 1558 1293 1588 de
1308 1569 1342 1588 se
1358 1559 1425 1598 ipse
1446 1559 1546 1599 loqui-

872 1607 933 1637 tur,
954 1611 1064 1631 nomen
1088 1611 1175 1631 suum
1192 1611 1354 1640 usurpans,
1370 1612 1426 1640 pro
1440 1612 1492 1643 ego
1513 1603 1545 1631 in

873 1644 972 1682 prima
996 1654 1139 1683 persona.
1165 1646 1242 1679 449,
1257 1647 1290 1674 4.
1316 1645 1406 1674 Conf-
1422 1655 1454 1684 p.
1471 1646 1546 1682 416,

875 1689 927 1716 21.
943 1689 1018 1722 400,
1034 1689 1065 1717 6.
1082 1689 1157 1723 294,
1173 1690 1226 1717 12.
1242 1690 1316 1723 412,
1335 1690 1385 1718 19.
1403 1689 1478 1724 523,
1493 1690 1545 1718 27.

872 1732 947 1765 525,
960 1732 990 1761 8.
1004 1732 1080 1764 366,
1092 1732 1143 1760 12.

831 1771 978 1813 δημόσιος]
1003 1771 1128 1802 Καλλίαν
1143 1771 1248 1808 ἐκεῖνον,
1263 1771 1308 1802 τὸν
1325 1772 1464 1812 δημόσιον,
1479 1773 1548 1802 scil.

873 1815 973 1845 δοῦλον.
1007 1814 1111 1845 Βᾶιῖεί
1137 1814 1293 1855 [Beadle].
1325 1820 1377 1845 aut
1404 1816 1548 1846 scribam.

874 1858 1065 1893 Actuarium,
1087 1858 1134 1887 vel
1153 1857 1395 1898 Registratorem.
1424 1860 1478 1892 23,
1494 1861 1547 1889 20.

873 1900 986 1940 ταμίας
997 1900 1045 1930 καὶ
1057 1899 1213 1939 δημοσίους.
1227 1904 1303 1942 101,
1314 1904 1365 1931 14.
1381 1905 1412 1930 et
1428 1903 1503 1937 137,
1516 1904 1548 1933 9.

876 1944 927 1974 ubi
943 1944 995 1973 alii
1005 1943 1053 1973 καὶ
1069 1944 1221 1973 omittunt.
1233 1945 1289 1977 τὰς
1309 1942 1379 1978 ἰδίας
1393 1944 1479 1979 οἰκίας
1495 1946 1551 1973 τῶν

875 1986 1014 2026 δημοσίων
1027 1986 1259 2026 οἰκοδομημάτων
1277 1986 1451 2026 σεμνοτέρας
1462 1997 1550 2016 κατε-

875 2029 1044 2059 σκευάκασι.
1070 2031 1144 2064 175,
1165 2032 1194 2059 8.
1226 2029 1398 2069 γράμματα
1413 2029 1550 2069 δημόσια.

875 2072 1059 2101 chartarium
1083 2071 1254 2110 publicum.
1284 2075 1359 2108 243,
1382 2074 1434 2102 25.
1457 2072 1485 2101 οὐ
1501 2073 1550 2111 μὰ.

875 2116 939 2148 τοὺς
968 2114 994 2144 ἐν
1006 2114 1065 2146 τοῖς
1087 2113 1229 2153 δημοσίοις
1251 2115 1386 2155 μνήμασι
1410 2113 1551 2155 κειμένους

877 2156 1006 2195 ἀγαθοὺς
1029 2155 1135 2196 ἄνδρας.
1163 2160 1238 2192 297,
1264 2159 1315 2188 15.
1343 2158 1391 2187 οὐκ
1415 2157 1474 2187 ἀπό
1498 2158 1550 2191 τῆς

876 2201 964 2233 αὐτῆς
983 2197 1099 2232 διανοίας
1117 2199 1162 2229 δεῖ
1183 2200 1238 2234 τας
1252 2210 1286 2229 τε
1312 2198 1381 2235 ἰδίας
1402 2201 1480 2234 δίκας
1503 2200 1554 2230 καὶ

877 2244 932 2276 τας
947 2239 1086 2281 δημοσίας
1106 2241 1208 2282 κρίνειν.
1233 2245 1308 2278 298,
1325 2245 1357 2273 2.
1380 2244 1392 2273 ὃ
1409 2242 1551 2281 δημόσιος,

879 2285 945 2315 scil.
971 2288 1022 2314 aut
1043 2284 1145 2320 δοῦλος,
1171 2290 1222 2315 aut
1247 2285 1463 2336 γραμματεύςε
1482 2295 1551 2314 nam

881 2328 990 2357 scribae
1013 2326 1060 2356 illi
1083 2328 1201 2366 publici
1226 2329 1309 2358 servi
1332 2333 1429 2358 erant.
1453 2339 1478 2357 εν
1493 2339 1554 2361 τοις

880 2381 974 2403 κῦίνοίς
992 2371 1052 2401 ’Τῢῖς
1059 2380 1218 2419 υμέτὲξοός
1230 2382 1416 2410 γραμμασίν,
1432 2369 1478 2410 ξφ
1491 2368 1528 2405 Οἷς
1540 2383 1552 2399 0

881 2411 1011 2452 δημόσιος
1034 2410 1188 2442 τέτακται.
1206 2415 1282 2449 381,
1301 2417 1330 2444 2.
1356 2412 1401 2443 τὸν
1423 2411 1553 2453 δημόσιον

882 2454 1222 2496 ωαρειναιπροσεγραψε
1247 2456 1554 2492 615,13.serV1ve1

881 2499 988 2528 scribae
1016 2498 1131 2538 publici
1147 2499 1362 2529 exactionibus
1377 2499 1554 2535 intererant,

883 2547 916 2571 ut
933 2552 973 2571 ex
990 2551 1094 2570 eorum
1116 2543 1285 2577 tormentis,
1313 2542 1340 2571 si
1365 2552 1443 2580 opus
1461 2546 1555 2577 esset,

883 2589 1021 2615 constare
1050 2590 1171 2623 posset,
1193 2589 1338 2624 quantum
1368 2584 1554 2614 tributorum

884 2638 901 2656 a
927 2628 996 2657 cive
1027 2638 1147 2666 quoque
1174 2628 1331 2657 redactum
1360 2632 1454 2656 esset.
1481 2625 1553 2656 οὕτω

884 2668 1015 2709 δημόσιον
1050 2669 1134 2699 nam
1156 2670 1283 2711 ἔρχεται,
1315 2668 1401 2699 οἴκαδ’
1429 2669 1553 2709 ἑκάστῳ.

885 2715 960 2748 422,
974 2715 1025 2744 22.
1048 2712 1178 2752 δημόσιον
1199 2713 1213 2743 ἢ
1237 2711 1385 2751 δημοτικὸν
1414 2711 1487 2752 ἱερόν.
1511 2713 1556 2743 fa·

884 2766 957 2786 num
985 2755 1110 2793 aliquod
1137 2756 1205 2785 sive
1235 2756 1292 2785 toti
1319 2756 1435 2794 populo
1461 2756 1556 2785 Athe-

886 2797 985 2828 niensi
1000 2807 1172 2834 commune,
1188 2797 1254 2827 sive
1267 2797 1358 2837 δήμῳ,
1374 2797 1407 2827 id
1424 2802 1482 2833 est,
1496 2800 1558 2832 «τοῖς

885 2842 941 2870 τῶν
966 2839 1158 2870 καθεκάστων
1179 2840 1277 2881 δήμων
1293 2840 1442 2880 δημόταις,
1457 2841 1556 2870 muni-

885 2883 962 2922 cipii
978 2885 1126 2922 cujusque
1141 2884 1373 2923 municipalibus
1387 2883 1555 2922 proprium.

888 2929 984 2961 1074,
1009 2929 1060 2956 20.
1084 2924 1207 2966 δημοσία
1221 2926 1272 2967 (id
1294 2926 1409 2957 estha-12
1433 2925 1556 2965 δημοσία

886 2967 979 3010 χρεία,
1003 2969 1053 3000 vel
1076 2967 1227 3012 χειροτονίᾳ.
1247 2969 1296 3000 καὶ
1322 2968 1422 3011 τάξει)
1450 2970 1556 2999 ἀποδη-
