1822 3187
225 130 308 173 316

271 243 373 278 ptasse
389 240 511 272 dicitur
527 244 581 279 34,
597 246 650 275 20.

230 282 340 313 Nikias
356 284 478 314 Archon
493 291 566 322 tum,
583 297 672 326 quum
686 286 848 317 AEsebines
863 296 933 316 con-

273 325 455 363 vinceretur,
489 338 557 358 cum
594 330 745 364 Anaxino,
785 329 931 368 Philippo

273 369 475 407 speculatore,
489 372 564 401 clam
584 373 622 402 A:
626 372 711 402 benis
735 377 822 402 noctu
847 371 934 401 furti-

277 421 349 442 vum
380 413 564 453 colloquium
594 415 746 445 habuisse.
774 416 849 450 273,
882 416 930 445 12.

276 464 308 493 p.
320 455 439 486 Coi-sini
457 458 489 487 F.
507 459 543 487 A.
562 458 587 487 Ι.
603 468 633 497 p.
646 460 720 489 355.

234 496 367 528 Nikidas
386 499 486 529 defert
507 501 708 541 Xenopithen
736 500 813 530 male
839 505 933 540 gestae

276 541 380 571 tntelae
407 548 548 582 nepotum
578 554 594 572 e
619 545 708 574 fratre
741 543 933 573 Nausicrate.

279 585 353 620 991,
369 587 418 614 14.

231 626 399 666 NikippuS‚
417 629 584 659 nauclerus.
601 632 696 665 1212,
713 632 742 661 3.

234 668 417 705 Nicobulus,
431 682 449 702 a
466 672 641 703 Pantaeneto
661 674 699 703 de
717 673 747 702 vi
767 676 798 702 et
812 671 935 702 insidiis

277 719 448 744 accusatus.
479 725 568 755 quam
599 716 840 745 criminationem
864 725 935 745 reus

278 760 342 786 tota
357 758 492 787 oratione
508 768 526 787 a
542 769 571 797 p.
590 761 662 790 966.
685 760 722 789 ad
739 771 768 799 p.
784 760 857 789 984.
881 759 935 788 de-

278 798 602 840 fendi1.v.p.973,1.

236 840 395 878 Nicocles,
413 848 495 874 tutor
512 844 653 875 Pasiclis.
664 848 760 879 1112,
776 846 830 874 26.

233 884 379 915 Nicocles
397 892 459 916 tum
475 887 609 922 Archon,
635 898 725 926 quum
750 886 936 924 Aristophon

276 929 463 966 rogationem
479 930 569 959 ferret
585 930 623 958 de
639 929 748 967 legatis
762 930 799 958 ad
817 929 936 968 Philip-

277 980 347 1009 pum
364 972 534 1007 mittendis,
559 972 613 1011 qui
630 982 722 1002 naves
735 972 772 1001 ab
788 982 824 1002 eo
842 972 935 1001 inter-

276 1017 383 1052 ceptas
408 1020 591 1053 repeterent.
616 1017 690 1051 250,
707 1018 736 1046 9.
761 1026 790 1045 v.
808 1013 935 1045 Neocles.

277 1056 415 1087 Corsiuio
445 1067 564 1096 quoque
597 1057 664 1087 visa
694 1062 763 1087 sunt
791 1057 850 1087 ista
873 1058 934 1087 duo

275 1099 395 1130 uomina
409 1101 539 1130 eundem
554 1100 714 1140 designare
737 1102 771 1131 F.
795 1102 831 1131 A.
855 1101 883 1131 1.
903 1111 935 1140 p.

275 1144 350 1174 354.

234 1184 437 1222 Nicodemus,
465 1188 501 1217 ab
517 1187 705 1224 Aristarcho,
722 1186 842 1217 Moschi
859 1187 934 1223 filio,

275 1228 463 1260 interemtus.
489 1231 564 1266 549,
588 1233 639 1261 23.
662 1236 726 1260 erat
742 1231 780 1260 de
802 1231 935 1261 factione

274 1272 399 1302 Eubuli.
432 1278 615 1313 quapropter
646 1273 871 1304 Demosthenes
903 1274 933 1304 in

274 1315 481 1355 suspicionem
493 1316 706 1347 communicati
719 1327 787 1346 cum
799 1317 932 1347 Aristar-

275 1357 333 1388 cho
360 1359 485 1389 sceleris
509 1360 602 1390 venit.
626 1359 720 1391 schol.
745 1361 782 1390 ad
805 1370 837 1399 p.
859 1362 935 1395 548,

279 1404 328 1431 14.

235 1443 453 1481 Nicomachus,
471 1445 639 1485 Diophanti
653 1446 675 1475 f.
690 1447 764 1482 273,
779 1448 811 1476 7.

236 1486 443 1527 Nicophemus
456 1488 525 1529 (alii
541 1499 699 1528 perperam
715 1490 788 1519 dant
798 1488 934 1520 Nicode-

274 1530 359 1571 mus)
372 1532 505 1561 Archon.
523 1534 618 1569 1132,
631 1535 683 1562 27.

231 1572 436 1610 Nicostratus,
472 1576 560 1605 bomo
592 1575 786 1614 peregrinus,
815 1575 934 1606 civibus

272 1617 458 1657 adscriptus,
502 1619 540 1648 ab
577 1619 732 1649 Eubulide
777 1624 933 1659 corrupto.

229 1701 433 1741 Nicostratus,
445 1704 588 1735 Nikiadis
602 1704 693 1735 filius.
708 1705 804 1741 1305,
815 1706 847 1735 4.

229 1744 435 1782 Nicostratus,
457 1747 487 1777 in
499 1758 587 1787 quem
600 1748 808 1787 Apollodorus
825 1746 933 1777 Pasic-

270 1788 329 1825 uis,
347 1795 380 1820 ut
400 1790 429 1820 in
454 1790 605 1821 hominem
630 1791 816 1821 immemoris
841 1795 932 1830 atque

269 1830 381 1871 ingrati
396 1833 486 1863 animi
511 1834 647 1864 oratione
669 1839 733 1865 tota
747 1833 900 1865 invehitur
915 1844 933 1864 a

273 1884 304 1913 p.
320 1878 414 1906 1246.
432 1876 469 1906 ad
487 1886 518 1915 p.
534 1877 629 1907 1255.

233 1916 440 1955 Nicostratus,
458 1919 693 1958 Myrrhinusius.
709 1921 785 1957 544,
800 1921 852 1952 15.
867 1925 933 1951 erat

272 1964 337 1991 tum
351 1961 487 1998 Archon,
502 1973 570 1993 cum
593 1964 695 1993 Strato
717 1964 801 1994 litem
826 1974 932 1994 secun-

270 2003 343 2034 dum
367 2006 605 2036 Demosthenem
629 2006 777 2037 adversus
801 2006 932 2037 Midiam

267 2046 365 2078 daret.
385 2049 457 2078 ibid.
474 2058 504 2078 v.
518 2051 571 2079 24.

226 2088 338 2126 Ninus,
355 2092 475 2122 soemina
483 2092 656 2122 sacerdotio
671 2093 776 2123 nescio
793 2103 855 2131 quo
864 2093 930 2123 sun-

271 2143 358 2170 gens,
370 2145 460 2173 quam
475 2134 610 2165 criminis
631 2136 732 2166 nescio
749 2138 836 2175 cujus
851 2147 931 2166 ream

271 2176 393 2215 peregit
409 2178 572 2207 Menecles.
587 2180 662 2213 995,
679 2182 730 2209 10.

228 2218 433 2255 Notharchus‚
458 2221 570 2250 arbiter
593 2222 621 2250 in
643 2222 694 2251 lite
713 2221 931 2252 Demosthenis

270 2272 338 2291 cum
354 2263 486 2301 Aphobo
507 2264 657 2300 delectus,
684 2275 775 2304 super
792 2271 873 2296 statu
887 2266 930 2295 ci-

270 2304 324 2335 vili
339 2306 456 2345 Milyae.
471 2308 546 2344 853,
563 2307 618 2337 ult.

561 2439 601 2468 Ο.

225 2520 384 2561 OEdipum,
409 2532 478 2551 cum
495 2522 599 2559 sociis,
617 2522 733 2553 Thebis
749 2525 860 2561 ejectos
875 2523 929 2553 ho-

267 2564 360 2603 spitio
390 2570 572 2606 receperunt
598 2566 816 2597 Athenienses,
856 2569 929 2602 290,

222 2650 385 2686 (Euanthe,
399 2655 496 2681 mater
507 2651 701 2681 Stratonidis.
720 2653 812 2687 1061,
824 2653 854 2682 3.

223 2692 350 2728 OEoeus,
373 2693 490 2723 Bacchi
521 2694 613 2730 filius,
636 2704 803 2734 eponymus
834 2695 929 2724 tribus

264 2736 653 2773 OEneidarum-1398,17.

221 2778 400 2813 (Emmaus,
416 2780 517 2816 heros,
533 2781 619 2818 cujus
639 2780 758 2809 nomine
775 2790 829 2819 per
849 2779 928 2809 ludi-

263 2820 359 2850 brium
382 2823 606 2852 Demosthenes
628 2823 804 2853 AEschinem
824 2823 927 2862 appel-

260 2861 315 2898 lat,
345 2864 396 2902 qui
427 2865 456 2894 in
486 2866 588 2895 sabula
617 2866 796 2906 cognomine
825 2871 926 2904 partes

259 2904 362 2979 ἓὲῐοίε
377 2906 538 2945 aliquando
554 2909 681 2948 egisset.
698 2911 771 2945 288,
784 2911 836 2940 22.
852 2911 925 2944 307

661 135 854 178 INDEX
887 134 1247 178 HISTORICUS

966 242 1180 291 Olympichus,
1203 241 1387 281 Apollodori
1410 240 1502 277 lilius,
1524 241 1667 272 Plothen-

1010 286 1063 314 sis.
1079 287 1172 321 1310,
1189 288 1241 317 23.

967 328 1219 366 Olympiodorus,
1237 328 1264 357 in
1288 337 1378 367 quem
1400 327 1465 367 agit
1486 325 1582 357 oratio
1604 337 1621 357 a
1637 336 1669 366 p.

1017 373 1107 401 1167.
1122 371 1158 400 ad
1175 381 1206 410 p.
1223 372 1317 400 1183.

967 414 1181 453 Olynthiorum
1196 414 1372 443 societatem
1387 413 1444 443 ab'
1436 412 1514 452 ipsis
1529 411 1671 448 delatam,

1010 467 1078 486 cum
1094 457 1309 496 repudiassent
1323 456 1534 491 Athenienses,
1550 454 1670 484 tandem

1010 499 1220 530 admittebant.
1238 502 1288 535 19,
1306 500 1358 529 25.
1382 498 1504 538 prodito
1521 497 1669 537 equitatu,

1011 542 1164 581 Olynthus
1175 543 1276 582 periit.
1294 542 1366 577 125,
1383 546 1431 572 12.
1441 540 1568 580 insignis
1583 539 1670 570 locus

1012 586 1051 615 de
1063 586 1273 625 Olynthiorum
1287 591 1414 624 utraque
1424 586 1554 620 fortuna,
1566 588 1609 618 ut,
1618 593 1670 612 au-

1011 634 1131 667 tequam
1147 639 1268 659 causam
1285 638 1353 658 cum
1376 628 1521 666 Philippo
1538 636 1671 656 commu-

1011 682 1079 702 nem
1113 672 1256 707 facerent,
1290 676 1434 710 potentes
1465 670 1603 704 fuissent,
1626 668 1671 698 vi-

1013 714 1178 754 ctoriisque
1198 714 1407 754 compluribus
1425 711 1671 744 Lacedaemonios

1012 758 1230 794 concidissent,
1245 763 1277 787 et
1297 762 1328 786 ut
1344 757 1549 796 postmodum,
1564 755 1670 785 fraude

1013 801 1150 840 Philippi
1160 801 1370 836 circumventi,
1382 809 1508 839 prorsus
1518 798 1611 828 deleti
1623 808 1672 828 es-

1014 848 1091 873 sent.
1102 844 1177 878 425,
1192 846 1243 874 12.
1257 854 1303 882 sq.
1321 848 1438 882 partem
1455 842 1672 883 Olynthiorum

1013 886 1094 916 bello
1105 891 1264 925 captorum
1279 885 1442 926 Philippus
1452 885 1600 915 Atrestidi
1615 885 1671 914 Ar-

1013 928 1082 958 cadi
1109 929 1286 964 donaverat,
1323 938 1400 967 quos
1430 927 1493 964 ille,
1521 928 1672 967 pecudum

1012 971 1050 1000 ad
1066 972 1170 1007 instar,
1185 972 1214 1002 in
1230 972 1475 1010 Peloponnesum
1487 972 1608 1008 agebat,
1619 971 1673 1000 ΖΕ-

1012 1014 1118 1044 schine
1129 1015 1200 1045 illuc
1207 1015 1422 1054 proficiscente
1432 1012 1592 1053 legationis
1601 1015 1673 1044 obe-

1011 1058 1098 1087 undae
1110 1068 1195 1097 ergo.
1209 1060 1284 1094 439,
1300 1060 1331 1090 3.

969 1100 1098 1136 Onetor,
1135 1100 1321 1137 Philonidis,
1353 1106 1386 1131 ut
1423 1100 1554 1135 videtur,
1582 1099 1672 1136 lilius,

1012 1144 1196 1174 Melitensis.
1213 1147 1287 1179 831,
1300 1147 1331 1175 8.
1347 1146 1421 1179 856,
1439 1145 1490 1174 26.
1503 1143 1595 1173 frater
1606 1148 1673 1173 erat

1012 1187 1119 1217 uxoris
1129 1187 1262 1226 Aphobi.
1277 1189 1352 1224 853,
1363 1191 1392 1218 1.
1406 1187 1528 1226 quicum
1537 1186 1674 1222 collusit,

1013 1240 1074 1270 quo
1097 1231 1331 1260 Demosthenem
1355 1230 1537 1270 patrimonio
1561 1230 1675 1269 spolia-

1011 1277 1090 1308 rent,
1113 1277 1147 1303 ut
1169 1273 1310 1313 pluribus
1334 1278 1454 1304 constat
1476 1284 1515 1303 ex
1541 1278 1617 1302 orat.
1640 1273 1671 1302 in

1012 1317 1178 1346 Onetorem
1201 1316 1321 1356 gemina
1341 1327 1359 1346 a
1380 1327 1410 1356 p.
1435 1318 1509 1347 864.
1532 1316 1571 1346 ad
1597 1318 1672 1347 880.

1012 1359 1201 1399 reliquisque
1217 1359 1247 1389 in
1264 1360 1425 1399 Aphobum
1439 1359 1541 1389 dictis.

970 1402 1191 1439 Onomarchus‚
1217 1403 1283 1433 dux
1308 1402 1526 1435 Phokensium‚
1554 1412 1572 1431 a
1598 1400 1673 1431 Phi-

1011 1445 1098 1485 lippo
1127 1446 1158 1475 in
1187 1445 1345 1476 Thessalia
1369 1446 1479 1475 victus.
1510 1446 1586 1481 443,
1616 1447 1668 1475 27.

1011 1498 1090 1518 anno
1105 1494 1211 1527 quarto
1228 1490 1352 1528 Olymp.
1369 1490 1442 1518 106.

969 1532 1096 1561 Orestes
1111 1541 1232 1562 causam
1249 1534 1398 1562 adversus
1414 1530 1522 1562 Furias
1539 1530 1568 1560 in
1585 1529 1671 1560 curia

1010 1574 1229 1614 Areopagitica
1244 1575 1350 1605 vincit.
1363 1578 1439 1610 641,
1456 1577 1507 1605 27.
1529 1576 1604 1609 644,
1618 1576 1670 1604 24.

969 1618 1121 1656 orpheus,
1140 1623 1172 1648 et
1193 1620 1258 1658 ejus
1274 1618 1390 1648 dictum
1413 1618 1451 1648 de
1465 1616 1585 1659 justitia
1607 1617 1671 1646 lau-

1010 1661 1109 1691 datur.
1122 1663 1198 1695 772,
1214 1663 1266 1692 26.

968 1703 1146 1734 Orrhontes.
1160 1707 1232 1741 186,
1248 1704 1300 1735 25.
1317 1703 1370 1734 ubi
1385 1703 1510 1734 dubium
1527 1706 1585 1739 est,
1600 1702 1669 1732 bar-

1009 1747 1112 1778 barine
1125 1747 1166 1778 sit
1176 1748 1260 1788 regis
1272 1758 1392 1786 nomen,
1406 1757 1443 1777 au
1454 1746 1539 1778 fluvii
1550 1745 1667 1786 Syriam

1008 1791 1211 1831 pervagantis.

1297 1921 1334 1951 P.

968 2006 1113 2036 Paeonum
1129 2016 1197 2036 cum
1218 2006 1363 2046 Philippo
1377 2006 1468 2036 bella.
1485 2006 1538 2041 13,
1552 2007 1584 2035 4.

968 2050 1160 2085 Pammenes,
1186 2050 1358 2080 Pammenis
1387 2049 1477 2083 filius,
1504 2047 1666 2082 aurifaber,

1010 2094 1098 2131 cujus
1125 2092 1154 2122 in
1179 2094 1332 2123 tabernam
1359 2093 1529 2130 irrumpens
1553 2090 1667 2121 Midias

1010 2145 1136 2164 coronas
1160 2145 1267 2165 aureas
1291 2147 1308 2165 a
1325 2136 1532 2166 Demosthene
1552 2135 1668 2164 locatas

1009 2178 1154 2216 corrupit.
1165 2180 1240 2214 521,
1255 2181 1307 2209 27.

967 2221 1157 2257 Pammenes,
1182 2222 1308 2252 forsitan
1332 2221 1396 2252 dux
1422 2221 1474 2252 ille
1493 2220 1667 2252 Thebanus.

1010 2267 1084 2299 681,
1102 2275 1170 2302 pen.

967 2307 1156 2346 Pamphilus,
1187 2312 1272 2346 pater
1306 2306 1482 2346 Plangonis,
1513 2310 1667 2337 maternus

1009 2361 1084 2380 avus
1103 2351 1253 2389 Pamphili
1267 2351 1408 2389 junioris.
1429 2352 1523 2385 1014,
1540 2350 1591 2379 18.
1612 2346 1667 2377 ubi

1008 2393 1184 2429 decoxisse,
1201 2399 1233 2423 et
1250 2394 1407 2423 facultates
1427 2395 1503 2432 ejus,
1519 2396 1552 2421 ut
1567 2389 1667 2420 aerarii

1006 2437 1091 2471 sacti,
1108 2437 1299 2476 proscripta»,
1314 2446 1367 2465 seu
1383 2436 1457 2465 fisco
1473 2434 1603 2465 addictae
1619 2433 1665 2463 di-

1009 2485 1129 2509 cuntur.

967 2522 1145 2561 Pamphilus
1165 2521 1280 2560 junior,
1299 2520 1460 2560 Plangonis
1483 2519 1667 2555 meretricis,

1008 2570 1060 2594 aut
1075 2565 1251 2594 concubinae
1272 2564 1360 2598 lilius,
1377 2574 1445 2603 quae
1467 2564 1580 2602 ipsum,
1595 2572 1666 2592 una-

1008 2617 1066 2646 que
1078 2608 1197 2636 l'ratrem
1208 2608 1274 2645 ejus
1290 2608 1442 2641 Boeotum,
1455 2606 1567 2636 callide
1577 2606 1665 2635 Man-

1007 2650 1067 2685 tiae,
1085 2649 1178 2680 veluti
1194 2649 1284 2688 patri,
1301 2650 1442 2679 obtrusit.
1460 2651 1535 2685 995,
1551 2659 1621 2688 pen.
1635 2652 1667 2678 et

1007 2703 1088 2731 saepe
1109 2693 1244 2722 locorum
1268 2693 1460 2734 postmodum
1474 2693 1506 2722 iu
1528 2692 1583 2721 illa
1601 2695 1666 2721 tota

1006 2737 1152 2766 oratione·

963 2778 1153 2818 Pamphilus,
1172 2778 1562 2814 Rhamnusins.1047‚17.

963 2822 1152 2860 Pamphilus,
1181 2821 1355 2857 soeuerator,
1381 2823 1468 2860 cujus
1498 2830 1589 2850 causa
1609 2819 1662 2848 ad-

1004 2875 1126 2894 versum
1137 2863 1386 2903 Dionysodorum
1393 2870 1424 2894 et
1437 2863 1660 2894 Parmeniscum

1003 2908 1131 2947 agitnra
1146 2918 1176 2947 p.
1194 2910 1288 2938 1282.
1303 2908 1340 2938 ad
1358 2918 1387 2946 p.
1405 2908 1499 2937 1298.

960 2951 1150 2991 Pamphilus,
1176 2951 1352 2991 inquilinus,
1374 2954 1403 2981 et
1427 2949 1524 2980 cliens
1543 2946 1663 2981 Midiae‚
