1822 3187
559 176 622 216 IN
657 173 1147 217 DEMOSTHENEM.
1488 177 1567 218 331

163 280 279 310 Bacchi
294 280 509 320 antiquissimae
519 287 551 312 et
561 281 768 312 celeberrimae
779 290 826 309 re-

166 322 303 361 ligionis.
322 326 418 358 1370,
432 327 482 354 ⁸27.
496 325 589 354 semel
607 329 720 354 tantum
738 327 827 361 quot-

164 366 250 395 annis
279 368 481 405 aperiebatur.
510 369 606 402 1371,
633 369 664 397 6.
706 365 826 395 Corsin.

165 408 198 436 F.
219 409 253 437 A.
270 420 298 447 μ.
315 412 388 441 327.
403 413 454 440 ⁶28.

120 450 328 486 Lithotoiniae,
345 453 464 482 metalla
474 452 674 487 saxea,locus
684 449 826 486 Athenis,

163 492 242 522 inter
260 494 368 523 Urbem
387 502 413 524 et
434 496 595 524 Piraeeum.
614 496 708 527 1252,
726 496 756 523 8.

120 535 222 564 Locri.
262 537 363 575 legum
400 538 597 567 Locrensium
637 536 825 576 praedicatio.

162 579 238 613 743,
254 588 325 617 pen.

450 708 495 737 M.

121 790 303 821 Macedonia
317 796 377 821 tam
397 796 460 822 erat
476 791 592 821 Graecis
611 795 776 827 contemta,
791 795 824 820 ut

162 844 199 863 ne
219 834 402 873 mancipium
426 835 547 873 quidem
568 834 649 872 frugi
669 834 823 863 existima-

161 881 229 905 rent
250 877 320 906 inde
338 879 502 916 exportari.
525 879 598 912 119,
623 879 653 907 8.
676 877 747 906 olim
772 887 824 907 ve·

162 918 283 955 ctigalis
295 920 620 963 eratxAtheniensibuS.
638 922 712 954 156,
730 922 780 949 17.

119 961 277 999 Madytos,
293 963 439 1000 oppidum
450 963 664 993 cherrhonesi.
683 964 757 998 256,
771 965 824 993 23.

119 1003 280 1039 Magnesia
290 1005 466 1034 Thessalica
477 1016 492 1034 a
502 1005 647 1043 Philippo
659 1010 759 1043 capta.
773 1008 823 1039 1⁶2,

161 1046 217 1076 ult.
231 1047 380 1076 moenibus
397 1058 461 1077 eam
479 1048 560 1085 cingi
577 1047 823 1076 nolebant'l'hes-

162 1089 229 1122 sali,
247 1089 392 1128 Philippo
408 1090 437 1118 id
456 1094 575 1127 agente.
591 1091 643 1121 15,
660 1092 712 1119 19.
735 1090 824 1127 hujus

162 1131 268 1170 oppidi
284 1142 374 1161 causa
390 1132 522 1161 rationes
540 1142 556 1160 a
574 1130 720 1169 Philippo
736 1141 824 1168 repe-

162 1177 227 1202 tere
241 1174 385 1203 volebant
399 1174 550 1203 Thessali.
565 1177 616 1208 21,
635 1176 685 1203 14.
705 1174 824 1212 Philip-

161 1225 221 1254 pus
237 1227 300 1245 eam
318 1217 393 1255 ipsis
409 1227 466 1246 una
481 1228 549 1246 cum
564 1216 668 1246 Nicaea
681 1216 824 1245 restitue-

163 1259 225 1288 bat.
248 1261 301 1294 71,
323 1263 375 1288 11.
399 1260 495 1289 veluti
520 1259 604 1297 regio
624 1270 642 1288 a
666 1259 824 1288 Thessalia

162 1308 302 1340 separata
315 1307 506 1332 memoratur.
519 1304 614 1336 1382,
629 1304 661 1331 5.

119 1344 283 1373 Malienses
300 1355 396 1383 prope
414 1345 590 1374 Phocidem.
608 1346 703 1378 1379,
720 1346 772 1374 29.

118 1386 289 1416 Marathon.
334 1387 495 1426 Philippus
512 1388 542 1416 in
564 1397 646 1416 oram
670 1387 824 1416 Maratho-

162 1429 241 1458 niam
252 1430 422 1465 adscendit,
434 1435 465 1459 et
480 1430 563 1459 illinc
581 1439 695 1458 sacram
714 1430 822 1460 Athen.

161 1471 315 1501 triremem
330 1473 488 1502 abstraxit.
499 1475 551 1507 49,
567 1473 621 1502 ult.
634 1473 825 1502 Marathonia

161 1524 277 1552 pugna,
288 1515 366 1544 duce
383 1516 612 1550 Miltiade,cnm
626 1515 731 1544 Persis
742 1526 824 1544 com-

162 1557 265 1586 missa.
282 1560 355 1592 172,
373 1561 422 1588 16.
439 1560 538 1588 8123.
555 1560 629 1592 686,
647 1560 677 1587 7.
695 1557 825 1587 celebris

163 1599 216 1628 illa
255 1601 472 1629 Demosthenis
493 1601 616 1640 jurandi
643 1600 768 1629 soi-mula
796 1601 824 1631 οὗ

159 1643 207 1680 μὲ,
222 1643 286 1675 τοὺς
301 1641 326 1672 ἓν
336 1642 491 1683 Μαραθῶνι.
510 1645 583 1677 297,
600 1646 651 1672 11.
665 1643 721 1671 soli
741 1645 824 1673 Grae-

162 1695 265 1714 corum
279 1686 411 1715 omnium
426 1687 612 1715 Plataeenses
627 1686 824 1716 Atheniensi-

160 1728 218 1757 bus
231 1734 456 1758 succurrerunt.
472 1731 568 1761 1377,
585 1731 616 1759 3.

117 1770 295 1800 Maroneam
306 1772 482 1810 aggreditur
500 1771 673 1809 Philippus.
685 1773 758 1807 681,
774 1774 825 1802 26.

160 1819 243 1842 erant
255 1814 295 1843 ibi
310 1815 550 1853 argentifodinae.
570 1816 643 1849 967,
664 1816 712 1843 17.
729 1817 825 1851 1213,

161 1858 192 1886 3.
209 1861 239 1884 et
257 1860 307 1886 11.

119 1898 268 1929 Massilia.
285 1902 359 1933 883,
379 1901 428 1930 15.

117 1941 259 1976 Mas-lira,
272 1943 421 1981 oppidum
432 1943 580 1972 Thraciae.
598 1946 673 1979 100,
683 1946 734 1974 22.
749 1946 823 1979 135,

160 1986 212 2013 18.
236 1996 263 2014 v.
284 1987 437 2024 Harpocr.
460 1985 512 2024 qui
532 1986 652 2015 Bastira
668 1987 728 2025 leg.
753 1997 822 2016 esse

159 2028 326 2057 contendit.

116 2068 325 2108 Megalopolin
344 2071 478 2099 Arcades
499 2071 696 2100 condiderant
716 2081 824 2109 magna

159 2121 227 2140 cum
250 2113 548 2142 Lacedaemoniorum
573 2114 712 2142 molestia
729 2119 759 2142 et
782 2124 822 2142 ae-

161 2155 326 2194 gritudine‚
340 2156 438 2184 statim
457 2162 526 2193 post
540 2166 669 2193 pugnam
685 2157 721 2184 ad
737 2157 824 2185 Man-

159 2197 281 2232 tineam,
322 2207 487 2236 agrumque
531 2199 713 2236 Spartanum
752 2198 824 2227 inde

159 2242 313 2269 vexabant
330 2240 562 2269 incursionibus.
587 2241 722 2270 Thebani
737 2251 822 2279 erg0‚

158 2282 293 2312 Phocico
314 2283 394 2312 bello
417 2282 572 2321 impliciti,
588 2294 678 2322 quum
695 2284 758 2312 otio
773 2295 823 2313 ca-

158 2331 274 2360 rerent,
298 2326 448 2360 Arcadas,
471 2326 573 2354 socios
599 2336 682 2360 SUOS,
704 2326 821 2361 tuendi,

159 2368 330 2407 periculum
349 2374 425 2403 erat,
440 2378 478 2397 ne
496 2369 701 2407 Megalopolis
716 2379 823 2398 rursus

159 2411 406 2440 exscinderetur.
451 2411 579 2440 Mittant
603 2422 676 2450 ergo
705 2412 823 2448 legatos

155 2453 303 2489 Athenas,
320 2459 380 2483 tam
400 2454 549 2488 Arcades,
564 2464 654 2491 quam
679 2455 823 2483 Lacedae-

157 2496 263 2531 monii,
281 2507 336 2535 pro
357 2507 390 2525 se
412 2496 523 2534 quique
546 2497 716 2526 tendentes.
764 2498 823 2526 De-

157 2539 332 2568 mosthenes
358 2544 422 2568 tum
446 2539 567 2568 civibus
593 2544 700 2568 auctor
723 2539 822 2569 factus

158 2586 214 2616 est,
229 2587 263 2610 ut
279 2581 557 2620 Megalopolitanos
573 2583 703 2611 tuendos
726 2582 822 2611 susci-

158 2629 280 2662 perent,
297 2629 372 2653 orat.
388 2635 405 2653 a
426 2634 457 2662 p.
474 2627 548 2655 20⁶3.
567 2624 605 2653 ad
628 2635 658 2663 p.
678 2627 751 2655 210.
775 2625 824 2664 (v.

158 2666 276 2695 Schott.
297 2677 327 2704 p.
351 2668 402 2696 63.
428 2667 481 2704 qui
503 2667 538 2696 ad
562 2678 669 2696 annum
685 2672 823 2707 quartum

158 2709 285 2747 Olymp.
309 2709 393 2738 CVI.
419 2709 541 2749 refert.)
573 2710 703 2740 Condita
725 2711 825 2740 suerat

157 2751 369 2790 Megalopolis
380 2761 455 2779 anno
470 2753 603 2781 secundo
616 2753 740 2792 Olymp.
753 2754 823 2783 CII.

157 2794 274 2831 legatio
287 2793 444 2823 AEschinis
460 2793 499 2822 ad
514 2795 671 2834 Megalop.
687 2798 762 2829 344,
773 2798 825 2825 13.

114 2838 259 2874 Megara}
298 2836 499 2865 insidiabatur
531 2837 695 2876 Philippus
734 2838 827 2877 paulo

159 2884 241 2914 ante,
261 2889 348 2917 quam
374 2879 521 2918 Byzantio
546 2880 724 2910 admoveret.
746 2880 827 2910 obsi-

160 2922 297 2951 dionem.
313 2922 388 2956 115,
403 2924 434 2951 2.
451 2924 525 2957 118,
543 2923 572 2951 6.
589 2932 695 2960 parum
712 2924 829 2958 aberat,

161 2964 234 3003 quin
261 2968 398 3003 caperet.
422 2966 496 2999 133,
521 2967 576 2996 24.
599 2967 673 3000 248,
699 2967 749 2995 13.
773 2965 829 2995 sub

905 279 995 308 finem
1017 279 1092 309 belli
1116 279 1256 316 Phocici,
1273 285 1326 311 ant
1346 291 1383 310 eo
1405 283 1468 320 jam
1485 281 1568 311 finito

860 364 981 400 Melite,
997 365 1083 394 locus
1100 363 1241 394 Athenis.
1258 368 1351 400 1258,
1368 376 1438 404 pen.

863 407 975 437 Melus.
995 407 1085 437 Melii
1109 408 1305 446 receptabant
1325 409 1448 447 piratas,
1468 410 1565 443 1339,

903 452 954 480 23.

860 493 983 521 Menda.
996 494 1070 527 9026,
1087 496 1116 521 1.
1140 492 1316 522 Mendaeum
1335 492 1436 522 vinum
1454 504 1565 532 expor-

902 536 1023 564 tabatur
1044 536 1074 564 in
1099 536 1243 565 Pontum.
1266 536 1342 565 ibid.
1361 537 1392 564 7.
1418 538 1491 571 929,
1513 537 1565 566 15.

902 580 976 613 935,
993 581 1023 608 9.

859 621 1015 650 Messene.
1033 623 1086 654 69,
1103 624 1132 651 9.
1149 623 1223 655 213,
1239 623 1293 652 22.

859 663 1008 693 Methone
1029 665 1058 692 in
1076 664 1203 694 Thracia
1221 676 1239 694 a
1262 663 1408 702 Philippo
1428 661 1564 691 obsessa.

903 709 954 741 11,
969 709 1020 736 17.
1039 709 1134 740 1220,
1146 717 1215 745 pen.
1227 708 1279 737 ubi
1298 704 1497 736 Macedonica
1512 715 1564 744 ap-

901 749 1045 786 pellatur,
1060 759 1119 788 quo
1147 749 1348 788 dignoscatur
1369 760 1387 778 a
1414 748 1564 786 Pelopon·

898 800 1030 821 nesraca.

856 833 1037 873 Munychia.
1049 833 1075 864 ἐν
1089 834 1232 876 Μουνυχίᾳ
1244 833 1426 874 καθίζεσθαι.
1443 833 1564 863 trierar-

900 877 961 911 chi,
981 883 1090 913 nautae,
1114 883 1165 907 aut
1183 879 1293 909 incolae
1310 877 1434 911 Piraeei,
1452 874 1564 914 injuria

901 920 1015 955 affecti,
1031 924 1084 949 nut
1099 929 1208 958 magno
1224 925 1305 950 metu
1318 918 1463 957 perculsi,
1478 923 1530 948 aut
1546 926 1564 945 a

900 962 1106 992 creditoribus
1133 963 1295 999 exagitati,
1322 967 1373 990 aut
1402 962 1461 990 alia
1487 971 1564 1000 qua-

899 1005 979 1042 piam
1003 1005 1090 1042 gravi
1112 1005 1297 1034 necessitate
1323 1004 1496 1039 constricti,
1525 1005 1562 1034 ad

900 1056 981 1076 aram
1006 1047 1111 1076 Dianae
1140 1047 1328 1086 Munychiae,
1350 1057 1416 1085 quae
1438 1047 1467 1075 in
1492 1057 1563 1078 arc·

899 1089 1070 1127 Monychia
1079 1094 1154 1124 erat,
1167 1090 1382 1129 confugiebant
1395 1089 1563 1128 supplices,

899 1130 1050 1160 libertatis
1081 1136 1112 1160 et
1141 1133 1248 1162 salutis
1275 1132 1448 1162 obtinendae
1477 1142 1562 1171 ergo.

901 1175 974 1208 262,
990 1175 1040 1203 17.

858 1215 1017 1255 Myrtium‚
1033 1216 1182 1255 oppidum
1198 1215 1345 1248 Thraciae·
1362 1218 1436 1252 234,
1452 1219 1504 1248 13·

1191 1347 1231 1376 N.

859 1429 1036 1459 Naucratis.
1060 1429 1154 1468 legati
1179 1431 1307 1460 Athenis
1331 1431 1369 1460 ad
1391 1431 1564 1460 Mausolum

901 1471 933 1501 in
948 1473 1065 1501 Cariam
1077 1473 1306 1511 proficiscentes
1317 1473 1346 1502 in
1360 1484 1466 1503 navem
1478 1475 1563 1504 Nau-

902 1515 1019 1544 cratide
1042 1515 1211 1545 venientem
1235 1516 1403 1550 incurrunt,
1421 1527 1509 1555 quam
1531 1522 1565 1547 ut

902 1567 1019 1587 merces
1043 1558 1174 1587 hostium
1196 1559 1357 1588 vehentem
1382 1560 1565 1599 corripiunt,

902 1604 933 1629 et
946 1602 1128 1631 verbotenus
1138 1612 1189 1630 eas
1201 1603 1377 1637 confiscant,
1391 1603 1444 1631 sed
1456 1612 1565 1640 reapse

903 1643 1116 1673 intervertunt.
1137 1650 1323 1683 quapropter
1343 1644 1372 1672 in
1397 1655 1450 1674 eos
1466 1651 1566 1674 actum

904 1692 949 1714 est
973 1686 1025 1715 illa
1039 1687 1187 1721 oratione,
1214 1698 1282 1726 quae
1302 1698 1319 1716 a
1335 1698 1364 1726 p.
1380 1689 1455 1717 700.
1477 1688 1514 1716 ad
1531 1699 1563 1727 p.

903 1729 977 1758 767.
995 1729 1117 1767 legitur,
1131 1730 1161 1758 in
1178 1730 1379 1759 Timocratem
1396 1730 1555 1769 inscripta.

861 1771 1023 1810 Naupacto
1042 1773 1205 1811 Philippus
1221 1774 1350 1802 Achaeos
1366 1773 1517 1810 privabat,
1533 1778 1565 1802 et

904 1824 1083 1853 quamquam
1108 1817 1244 1853 jurasset
1271 1815 1383 1845 AEtolis
1410 1815 1564 1850 daturum,

903 1861 1001 1886 tamen
1015 1858 1080 1895 ipse
1097 1859 1155 1887 sibi
1173 1858 1318 1887 servavit.
1336 1860 1407 1887 1120.
1430 1861 1458 1887 1.

861 1899 978 1929 Naxus.
1023 1900 1171 1929 Chabrias
1206 1901 1317 1939 proelio
1354 1900 1455 1930 navali
1485 1901 1567 1940 apud

902 1942 1024 1971 Naxum
1042 1943 1287 1972 Lacedaemonios
1302 1943 1386 1977 vicit,
1397 1948 1426 1971 et
1438 1943 1567 1983 imperio

903 1985 994 2014 maris
1012 1987 1125 2016 exsuit.
1144 1988 1217 2020 172,
1236 1988 1287 2015 27.
1305 1987 1378 2019 686,
1396 1988 1447 2015 23.

860 2027 995 2056 Neones.
1018 2030 1082 2061 τοὺς
1098 2027 1123 2056 ἐν
1137 2028 1249 2057 Νέωσιν.
1266 2028 1333 2068 [alii
1349 2027 1473 2057 codices
1489 2029 1563 2058 dant

902 2069 1070 2110 Νεωσίνειις]
1089 2072 1162 2103 387,
1181 2072 1209 2099 9.

859 2111 965 2140 Nicaea
977 2113 1158 2146 Thessaliae,
1170 2123 1258 2151 quam
1272 2112 1428 2141 Thessalis
1443 2111 1472 2141 in
1483 2113 1564 2142 bello

903 2154 1039 2183 Phocico
1065 2165 1080 2184 a
1108 2155 1316 2185 phocensibus
1334 2160 1468 2194 ereptam
1492 2156 1566 2185 Phi-

902 2196 1005 2234 lippus
1021 2197 1170 2233 restituit,
1185 2209 1282 2236 eoque
1298 2198 1388 2227 fidem
1405 2203 1495 2235 atque
1511 2200 1564 2228 ob-

902 2236 1042 2313 s‘e5qniugi
1060 2251 1163 2270 eorum
1179 2239 1238 2270 sibi
1255 2240 1428 2280 despondit.
1445 2243 1498 2275 71,
1513 2244 1564 2272 11.

903 2285 918 2311 1
946 2284 976 2320 3,
995 2286 1044 2312 1⁹.

1190 2411 1230 2442 Ο.

858 2494 961 2524 OEtaei.
976 2498 1070 2531 1379,
1085 2499 1137 2528 22.

857 2537 1002 2576 Olympia
1019 2539 1110 2569 Pisae.
1132 2539 1223 2568 ludos
1243 2538 1424 2577 Olympicos
1443 2538 1568 2577 quadri-

902 2581 948 2619 gis
963 2581 1040 2611 vicit
1054 2581 1243 2611 Alcibiades.
1258 2584 1332 2616 561,
1346 2583 1399 2611 26.

857 2623 1014 2663 Olympia,
1036 2634 1111 2663 quos
1134 2624 1232 2653 veluti
1255 2623 1453 2662 triumphales
1472 2634 1565 2662 quos-

902 2666 969 2694 dam
995 2667 1086 2696 ludos
1114 2666 1178 2704 egit
1206 2666 1306 2694 victor
1337 2665 1501 2704 Philippus
1526 2669 1565 2697 ab

903 2709 1040 2746 Olyntho
1070 2715 1159 2747 capta
1189 2708 1310 2738 domum
1339 2709 1471 2744 rediens,
1496 2715 1566 2740 sunt
1589 2732 1602 2748 3

904 2751 1116 2780 Macedonica.
1133 2753 1271 2785 401,13.
1287 2751 1337 2789 qui
1356 2751 1420 2780 ludi
1434 2752 1565 2782 annuine

903 2793 1026 2828 fuerint,
1043 2804 1078 2822 an
1095 2794 1264 2831 interjectis
1282 2793 1399 2831 aliquot
1416 2795 1515 2830 annis,
1534 2802 1565 2824 et

908 2841 983 2875 quot
1006 2837 1079 2871 illis,
1099 2836 1264 2865 restaurari
1291 2836 1385 2871 soliti,
1411 2847 1468 2865 non
1493 2848 1564 2866 con—

906 2883 975 2908 stat.
998 2879 1085 2908 Alias
1102 2883 1207 2917 posset
1220 2879 1310 2908 exiis
1326 2879 1451 2918 Olynthi
1467 2885 1564 2918 captae

905 2925 980 2950 aetas
1003 2921 1134 2951 definiri.
1184 2921 1245 2950 Sed
1269 2926 1370 2951 tacent
1392 2922 1448 2951 hac
1469 2922 1508 2952 de
1532 2933 1564 2952 re

907 2974 975 2994 cum
993 2964 1154 2995 Dodwello
1172 2963 1342 2994 corsinius.
