1822 3187
591 177 1082 222 DEMOSTHENEAE.
1469 180 1550 222 217

154 267 199 298 etv
207 267 291 298 εἰπεῖν
300 267 464 310 Ἰφικράτην.
481 277 568 308 quam
579 270 667 300 tidem
681 270 718 299 ab
730 270 815 309 Iphi-

154 317 237 342 orate
263 311 345 341 aiunt
367 312 448 350 apud
473 313 720 343 Lacedaemonios
749 312 813 352 [vel

155 363 229 392 erga
251 355 318 395 eos]
342 360 602 385 commemoratam
619 356 727 388 fuisse,
741 355 770 384 h.
787 365 814 383 e.

154 405 244 434 quam
259 397 355 426 fertur
371 398 540 436 Iphicrates
562 408 615 427 eos
632 397 813 436 postulasse.

153 440 228 473 659,
245 441 274 469 6.
298 439 485 479 προτεινόντων
501 439 598 470 πίστιν
611 440 700 471 ἥντινα
714 439 814 473 βούλη-

153 492 203 511 ται
216 479 377 520 λαμέάνειν.
387 484 460 518 659,
472 485 522 512 10.
545 482 812 521 d)jusjuraudum‚

152 534 213 562 quo
228 525 323 554 fidens
335 525 434 554 credit
443 530 474 553 et
485 534 516 554 se
525 525 676 563 permittit
687 525 814 564 exigens

151 568 328 604 praestanti:
351 568 407 596 hoc
430 577 520 596 sensu
545 577 626 605 saepe
650 573 813 606 usurpatur

150 608 249 638 πίστιν
263 609 369 645 διδόναι,
381 609 546 648 λαμβάνειν,
555 607 718 647 ἐπιτιθέναι,
727 621 813 650 προσ-

150 651 264 682 τιθέναι.
288 651 403 684 ωίστιν,
418 650 480 684 ἥτις
500 650 537 681 εἴη
561 650 700 690 μεγίστη,
723 653 813 691 τούτῳ

150 693 249 724 ἤθελον
261 693 367 723 διδόναι.
383 694 478 729 1239,
495 695 546 723 22.
569 694 699 724 ἦθέλησα
714 694 812 725 πίστιν

148 735 342 778 αῦτῷἷδοῦναι,
358 734 438 774 ἥνπερ
458 736 469 764 ὃ
483 735 563 775 νόμος
583 736 698 766 κελεύει.
714 739 811 773 1241,

149 783 181 810 4.
196 779 292 809 πίστιν
303 779 398 812 αὐτοῖς
409 778 525 808 δίδωσιν.
540 784 631 808 navat
645 779 722 817 ipsis
738 790 811 818 ope-

148 832 212 851 ram
236 823 323 857 hanc,
348 826 382 850 ut
404 831 460 860 pro
484 821 571 860 ipsis,
590 822 626 850 ad
643 823 810 859 juvandam

146 874 250 894 eorum
274 874 406 899 causam,
427 874 584 903 meamque
607 866 811 902 premendam,

143 908 354 945 jusjurandum
377 907 507 942 diceret,
527 912 579 936 aut
599 908 747 946 reciperet
763 909 810 937 di-

148 955 277 980 cturum.
301 952 396 986 1250,
417 950 472 979 ult.
496 951 509 980 ἡ
534 950 628 991 μήτηρ
651 949 719 979 κατ’
740 949 810 989 ἐμοῦ

146 993 194 1022 καὶ
211 994 261 1027 τῆς
277 992 397 1031 ἀδελφῆς
417 991 514 1022 πίστιν
530 991 658 1023 ἦθέλησεν
672 992 810 1023 ἐπιθεῖναι

145 1035 402 1075 παραστησαμένη.
415 1038 489 1071 852,
502 1036 553 1066 15.
565 1036 671 1067 πίστιν
682 1036 811 1067 ἦθέλησα

147 1078 282 1119 Τιμοθέῳ
306 1077 452 1108 ἐπιθεῖναι.
477 1079 524 1108 ich
537 1079 615 1109 erbot
630 1078 705 1109 mich
718 1090 810 1119 gegen

147 1122 203 1151 den
228 1120 406 1151 Timotheum
431 1131 467 1151 zu.
494 1123 586 1152 ciuem
612 1121 810 1161 Ey·lschwnre

146 1163 183 1204 [I
198 1163 305 1205 offered
322 1170 350 1194 to
368 1165 400 1194 be
414 1170 469 1202 put
487 1174 523 1194 on
546 1174 594 1203 my
608 1163 677 1194 anth
695 1166 809 1204 against

148 1206 338 1246 Timotheus}
348 1207 521 1237 deferebam
532 1207 775 1246 eijusjurandum
791 1218 808 1237 a

147 1260 194 1279 me
205 1250 352 1279 adversus
363 1250 474 1289 ipsum,
485 1249 509 1279 si
520 1250 623 1284 vellet,
634 1250 807 1280 dicendum.

146 1295 242 1328 1196,
256 1294 306 1322 17.
320 1293 426 1329 ἀνάγκη
442 1291 527 1322 ἔσται
543 1292 620 1331 αὐτῷ
636 1290 734 1322 πίστιν
745 1291 805 1323 ἐπι-

144 1333 236 1370 Θεῖναι,
245 1334 274 1365 ἦν
282 1334 314 1364 ἃν
322 1335 416 1376 κελεύῃ
427 1332 514 1368 οὗτος.
527 1337 621 1370 1243,
631 1337 682 1365 27.
702 1337 749 1365 τῆν
758 1337 807 1365 τοῦ

143 1375 224 1417 φίλος
237 1377 332 1411 αὐτοῖς
345 1377 412 1407 εῖναι
427 1376 525 1408 πίστιν
540 1376 676 1415 λήψεται.
692 1380 765 1413 180,
777 1381 806 1409 2.

143 1419 312 1461 προσθέντος
330 1420 397 1459 ὑμῖν
413 1418 523 1450 πίστιν.
552 1420 592 1449 da
614 1420 660 1449 ich
678 1420 752 1450 mich
771 1431 807 1451 zu.

142 1465 235 1494 einem
252 1462 445 1503 Eydschwnre
460 1473 520 1498 vor,
535 1463 603 1492 oder
616 1463 707 1492 wider
722 1463 806 1499 euch,

141 1506 255 1537 erboten
270 1505 340 1536 habe
355 1505 480 1546 [having
495 1505 599 1546 offered
614 1510 643 1534 to
658 1506 688 1536 be
699 1511 756 1544 put
771 1517 807 1536 on

142 1560 191 1589 my
206 1548 274 1579 nath
289 1548 382 1590 bzff'ore
393 1549 478 1589 you}
495 1550 590 1583 1270,
607 1550 637 1578 9.

100 1591 220 1631 πιστὸς]
251 1592 292 1622 τεὶ
322 1591 497 1631 πράγματα,
528 1591 600 1631 άπερ
629 1591 807 1622 «πιστότατα

144 1634 223 1665 ἐστιν
237 1634 385 1664 ἁπάντων.
403 1636 478 1669 377,
499 1636 550 1664 27.
572 1635 619 1664 οὐκ
635 1634 696 1675 ἔχει
710 1637 807 1665 ταῦτα

143 1676 272 1707 ἀλήθειαν
288 1676 409 1707 mmm.
431 1679 504 1712 873,
527 1679 575 1708 19.
599 1677 706 1706 πιστοὶ
730 1680 806 1708 πᾶσι

143 1718 300 1758 γενήσεσθε.
325 1720 413 1749 vobis
429 1730 516 1749 nemo
533 1730 591 1749 non
610 1721 693 1750 fidet.
713 1723 806 1756 1465,

143 1767 194 1794 11.
225 1763 304 1792 τουτὶ
327 1762 360 1792 τὸ
383 1762 483 1792 πιστὸν
506 1763 602 1798 διδοὺς,
627 1763 662 1797 ὡς
671 1780 723 1793 ——.
747 1764 805 1793 hoc

142 1807 354 1836 documentum
366 1811 481 1835 certum
492 1806 619 1845 quisque
632 1807 670 1834 de
681 1816 715 1835 se
728 1816 804 1845 prae-

143 1854 236 1883 stans,
251 1859 284 1878 se
299 1849 387 1878 talem
404 1858 461 1877 non
476 1859 553 1878 esse.
570 1851 643 1883 800,
661 1852 711 1878 11.

97 1893 210 1925 πιστῶς
219 1891 333 1927 ἀκούειν,
344 1901 412 1921 cum
421 1902 546 1920 assensu
560 1892 676 1930 fideque
688 1891 804 1928 audire,

141 1935 235 1964 dictis
261 1934 364 1964 fidere.
396 1935 446 1968 τῆς
471 1932 569 1964 ἐκείνου
591 1934 748 1973 μαρτυρίας
772 1934 805 1964 τὸ

139 1976 195 2017 μὲν
210 1976 283 2017 πρὸς
297 1978 346 2007 τοῦ
360 1978 577 2017 ἀποστεροῦντος
594 1979 704 2011 πιστῶς
723 1977 805 2007 ἀκού-

139 2018 235 2050 σεσθε.
257 2020 423 2050 testimonii
444 2025 559 2058 partem
578 2030 655 2054 eam,
670 2030 736 2058 quae
752 2021 805 2050 de-

139 2063 305 2092 fraudatori
326 2063 458 2092 secunda
482 2066 540 2097 est,
563 2073 631 2092 eum
653 2064 803 2102 approba-

139 2104 223 2134 tione
239 2105 379 2135 audietis.
397 2107 470 2139 922,
487 2108 517 2134 1.

98 2146 204 2188 πίττῃ]
227 2147 292 2188 ἄρτι
311 2148 370 2186 μῦς
388 2144 494 2180 πίττης
517 2146 640 2184 γεύεται.
660 2148 723 2185 jam
739 2151 804 2176 tan-

138 2191 208 2220 dem
224 2190 386 2228 aliquando
401 2189 575 2228 perspicere
591 2189 685 2227 coepit
702 2199 804 2219 veram

136 2232 183 2262 rei
198 2232 414 2266 conditionem,
427 2241 516 2270 quam
529 2231 569 2260 sit
578 2231 687 2261 misera
698 2237 730 2261 et
740 2242 803 2262 mo-

138 2276 218 2305 lesta
227 2280 256 2305 et
272 2274 456 2314 poeniteuda,
468 2284 556 2313 quam
571 2274 642 2303 olim
654 2284 710 2312 pro
723 2285 803 2304 sum-

139 2328 189 2348 ma
202 2317 359 2348 felicitatis
378 2317 503 2352 habens,
522 2326 633 2346 nervos
648 2317 804 2347 contendit

140 2371 257 2395 omnes,
269 2364 304 2390 ut
313 2369 348 2389 ea
357 2359 518 2398 potiretur.
535 2369 599 2389 nun
615 2358 739 2388 kommen
757 2361 804 2389 die

138 2402 323 2433 Nachwehen
336 2401 413 2442 [now
421 2408 449 2432 to
458 2402 589 2432 comethe
599 2401 803 2443 after-paim]-

138 2447 303 2482 1215„10.

82 2487 215 2530 ,πίτυρα]
227 2489 409 2528 ἀπομάττων
423 2486 515 2526 πηλῷ,
530 2487 576 2516 καὶ
593 2487 724 2528 πιτύροις.
743 2488 802 2517 sur-

140 2531 268 2562 furibus.
283 2533 358 2566 313,
374 2533 426 2560 17.

95 2574 218 2615 πλανᾷν]
233 2574 262 2604 οὗ
277 2574 350 2604 πάνυ
358 2572 454 2609 καλὸν,
469 2571 520 2603 οὐδ’
533 2571 664 2612 ἀσφαλὲς
673 2570 703 2602 ’ἧν
713 2571 802 2602 ἐκεῖσε

138 2615 321 2646 ωλανᾶσθαι.
351 2617 425 2646 illuc
448 2616 602 2656 proficisci
626 2615 692 2645 sine
717 2616 802 2645 salvo

138 2659 302 2695 conductu,
325 2670 378 2688 seu
403 2659 566 2689 securitate
584 2658 718 2697 publica,
736 2659 802 2688 sine

139 2701 250 2733 comite
265 2706 295 2730 et
313 2702 389 2731 duce
407 2703 465 2732 viae
488 2706 572 2731 certo
592 2706 623 2730 et
647 2705 723 2736 tuto,
746 2701 803 2730 viis

138 2753 198 2773 non
218 2743 355 2779 directis,
372 2745 427 2773 sed
443 2745 546 2774 curvis
564 2748 595 2773 et
614 2743 700 2782 quasi
717 2744 805 2772 furti·

140 2785 197 2821 vis,
214 2795 251 2815 ne
266 2786 521 2824 deprehenderet,
540 2791 592 2816 aut
607 2785 804 2824 conspiceret

137 2828 177 2857 ab
197 2827 346 2857 hostibus.
367 2829 443 2864 395,
462 2830 492 2858 6.
515 2828 636 2868 πλανᾷἷν,
657 2829 803 2858 lectorem

139 2870 346 2900 auditoremve
370 2881 388 2900 a
409 2881 443 2899 re
466 2872 622 2909 proposita
644 2871 682 2900 ad
705 2871 803 2900 aliena

139 2913 285 2942 seducere
299 2912 494 2942 attentionem
509 2914 574 2951 ejus
588 2913 761 2943 intricantia
772 2918 802 2942 et

137 2955 357 2994 perturbantia,
367 2955 491 2993 verique
503 2965 622 2985 sensnm
634 2957 802 2987 obtunden-

891 268 943 298 tla.
966 268 999 298 ἂν
1013 267 1097 299 τοίνυν
1110 269 1209 299 ταῦτα
1220 269 1274 308 μὲν
1288 270 1386 312 φεύγῃ,
1401 269 1500 310 πλανᾷ
1512 268 1554 306 δὲ,

889 311 936 340 καὶ
952 312 1048 341 πάντα
1060 313 1173 350 μᾶλλον
1188 311 1266 353 λέγῃ.
1279 316 1355 350 448,
1371 314 1424 344 ult.

848 353 980 391 πλάσμα
997 353 1056 384 δ’λον
1069 352 1147 383 ἐστὶν
1164 355 1178 384 ἦ
1197 354 1318 385 διαθήκη.
1340 366 1455 385 merum
1471 366 1552 386 com-

890 402 1033 432 mentum,
1050 397 1234 436 figmentum.
1253 401 1347 432 1110,
1366 401 1416 427 18.

847 439 1004 480 πλάττειν]
1027 440 1066 469 de
1089 439 1192 478 figulo,
1215 440 1262 469 vel
1279 440 1434 478 sigillario,
1450 440 1552 479 sigilla

889 492 929 511 ex
945 482 1051 521 argilla
1067 492 1174 511 cerave
1191 481 1390 520 contingente.
1414 483 1484 512 hine
1500 484 1552 512 illa

890 525 1032 555 translata
1046 524 1140 554 dictio
1153 536 1159 554 ε
1177 523 1208 564 ἐξ
1221 521 1256 554 οἷν
1266 527 1343 554 κατὰ
1358 525 1454 564 μικρὸν
1467 527 1480 555 ἦ
1493 525 1552 556 δίκη

888 566 959 597 αὕτη
986 567 1159 598 πέπλασται
1189 567 1259 607 [pro
1286 566 1551 608 συμπέπλασται]

888 612 983 646 1239,
1001 613 1052 640 21.
1075 610 1169 651 ὥσπερ
1185 612 1207 640 οἳ
1229 610 1407 643 πλάττοντες
1422 611 1484 642 τοὺς
1499 621 1554 640 πη·

889 654 972 686 λίνους
992 655 1166 693 στρατηγοὺς
1181 653 1217 687 εἷς
1238 653 1344 692 ἀγοράν.
1360 655 1413 689 47,
1431 655 1481 682 14.
1505 652 1552 681 λό-

888 705 950 731 γους
961 696 1118 725 πλάττειν.
1130 699 1204 732 268,
1215 699 1244 726 2.
1261 696 1403 726 πλάττων
1416 695 1463 724 καὶ
1480 706 1553 734 παρ-

886 737 961 773 άγων
976 738 1140 778 κακούργους
1161 739 1268 776 λόγους.
1290 741 1366 773 594,
1390 740 1439 769 13.
1470 739 1554 767 τοῦτο

886 781 939 819 γὰρ
955 781 1134 811 πλάττουσιν
1148 778 1220 811 οὗτοι
1232 781 1278 810 καὶ
1293 782 1461 820 παράγουσι.
1478 783 1553 816 987,

888 824 939 850 14.
963 822 1188 861 παραδείγματα
1208 824 1357 859 πλάττων,
1372 824 1419 853 καὶ
1435 824 1554 863 ῥήματα

886 864 935 893 καὶ
951 865 1102 905 σχήματα
1112 866 1297 905 μιμούμενος.
1313 867 1388 901 305,
1401 870 1428 896 1.
1444 866 1552 906 προφά-

887 917 947 941 σεις
959 908 1108 944 πλάττων,
1119 907 1169 937 καὶ
1182 907 1292 945 ψευδεῖς
1305 908 1400 942 αἰτίας
1409 907 1554 942 συντιθείς.

886 950 962 985 778,
978 952 1030 980 21.
1073 952 1109 980 In
1133 951 1253 980 medio:
1277 949 1373 985 αἰτίας
1393 951 1439 981 οὔκ
1466 951 1551 985 οὔσας

887 993 1082 1032 πλασάμενος.
1114 993 1172 1023 sibi
1199 999 1396 1024 commentus.
1420 996 1494 1029 152,
1521 997 1553 1024 6.

885 1035 933 1064 καὶ
947 1035 1047 1073 ταῦθ’,
1069 1034 1113 1066 δ’τι
1135 1036 1182 1066 οὐκ
1202 1035 1251 1066 ἐπὶ
1273 1037 1331 1070 τοῖς
1353 1036 1553 1076 συμβεβηκόσι

887 1076 941 1117 [ex
958 1084 1028 1118 post
1042 1079 1146 1120 sactis]
1163 1078 1338 1118 πλάττομαι
1354 1080 1401 1109 καῖ
1416 1090 1552 1118 προσποι-

886 1122 982 1160 οῦμαι.
999 1123 1073 1158 389,
1087 1124 1116 1153 9.
1162 1123 1199 1151 In
1222 1123 1358 1161 passivo.
1381 1123 1477 1153 πάντα
1499 1133 1551 1151 πε-

886 1163 1047 1203 πλασμένα
1064 1164 1112 1194 καὶ
1134 1163 1392 1205 κατεσκευασμένα
1412 1163 1553 1205 φαίνεται.

887 1209 982 1242 1114,
1004 1210 1055 1237 17.
1086 1207 1105 1236 ἃ
1130 1206 1303 1237 πέπλασται
1328 1205 1416 1242 οὗτος,
1435 1209 1465 1237 id
1492 1213 1551 1242 est,

884 1249 933 1280 τὴν
954 1249 1041 1280 αὐτοῦ
1063 1250 1212 1289 ὑπόκρισιν.
1236 1250 1458 1280 simulationem
1477 1254 1552 1289 ejtts,

884 1291 1002 1328 falsam,
1018 1293 1201 1327 ementitam,
1220 1293 1398 1322 modestiam
1412 1298 1442 1322 et
1460 1293 1551 1322 hone-

885 1334 973 1364 statis
995 1337 1120 1366 larvam.
1138 1338 1231 1369 1122,
1247 1339 1297 1365 11.
1321 1336 1378 1369 τοῖς
1393 1334 1420 1364 δὲ
1435 1341 1550 1365 πεπλα-

883 1376 996 1415 σμένοις
1022 1378 1069 1408 καὶ
1093 1378 1273 1418 σκυθρωποῖς
1299 1377 1429 1408 ὀκνήσειεν
1451 1377 1484 1407 ἄν
1506 1390 1550 1411 τις

885 1420 1062 1460 προσελθεῖν.
1079 1424 1174 1456 1122,
1190 1424 1242 1452 20.

842 1462 984 1505 πλέθρον]
1001 1462 1110 1504 πλέθρα
1125 1466 1176 1502 γῆς
1191 1463 1298 1494 ἑκατόν.
1314 1467 1389 1499 491,
1402 1465 1454 1494 27.

842 1506 962 1546 Πλειὰς]
986 1505 1034 1537 ὑπ’
1047 1507 1139 1540 αὐτᾶς
1152 1508 1207 1541 τὰς
1223 1509 1278 1536 τῶν
1296 1507 1437 1537 Πλειάδων
1459 1506 1550 1539 δύσεις

885 1549 907 1578 οἱ
920 1548 1006 1589 χρόνοι
1021 1547 1093 1580 οὗτοι
1107 1547 1187 1579 ἦσαν.
1206 1552 1299 1584 1213,
1316 1561 1388 1588 pen.

842 1592 937 1632 πλεῖν]
971 1591 1079 1626 ταύτης
1107 1591 1154 1622 ἐ’πι
1184 1591 1316 1626 πλέοντες
1345 1592 1437 1631 ὀρθῆς.
1466 1592 1495 1621 h.
1522 1602 1549 1620 e.

884 1638 1002 1664 aetatem
1020 1636 1166 1674 degentes
1182 1634 1211 1663 in
1227 1636 1325 1673 patria
1340 1634 1480 1664 secundis
1500 1644 1550 1662 re-

885 1677 941 1706 bus
954 1682 1068 1707 utente.
1083 1680 1158 1713 419,
1171 1679 1200 1707 8.
1217 1676 1278 1706 οὔθ’
1289 1676 1370 1711 Sem
1384 1676 1449 1718 ὀρθὴ
1461 1682 1549 1707 πλευ-

882 1720 988 1755 σεῖται,
1004 1719 1149 1760 προείδετο.
1167 1721 1242 1754 419,
1260 1730 1328 1758 pen.

839 1762 944 1803 πλείω]
969 1763 1196 1798 adverbialiter,
1213 1771 1269 1801 pro
1286 1762 1379 1799 πλέον,
1397 1772 1449 1792 seu
1465 1763 1547 1801 μέἱλ-

881 1810 936 1834 λον.
953 1807 1028 1840 691,
1046 1808 1096 1836 14.

839 1847 945 1889 πλέον]
963 1848 1033 1878 οὐδὲν
1047 1848 1124 1888 αὐτῷ
1136 1847 1218 1879 πλέον
1231 1847 1314 1878 ἔσται
1325 1849 1370 1879 οὐκ
1379 1848 1472 1889 ἔχοντι
1484 1849 1549 1882 τοὺς

881 1890 1071 1930 πεισομένους.
1097 1894 1169 1928 177,
1190 1895 1219 1922 2.
1247 1891 1290 1921 ἵνα
1312 1894 1354 1930 μή
1377 1891 1425 1921 im*
1446 1892 1549 1921 ’πλεῖον

880 1932 1038 1975 ἐνοχλῆσθε
1058 1935 1118 1974 περὶ
1139 1934 1254 1964 τούτων.
1277 1935 1359 1974 plus,
1380 1945 1468 1973 quam
1494 1944 1549 1972 par

881 1983 928 2006 est
944 1982 974 2006 et
990 1979 1127 2014 expedit.
1145 1980 1218 2011 239,
1232 1980 1261 2006 4.
1277 1978 1351 2007 ὥστε
1363 1976 1432 2016 μηδ’
1449 1975 1547 2006 αἴσθο-

879 2019 972 2058 μένοις
989 2018 1115 2054 Θηὲαίοις
1132 2019 1217 2050 πλέον
1232 2019 1298 2049 εῖναι
1313 2019 1408 2058 μηδὲν.
1431 2025 1464 2050 ut
1481 2030 1549 2048 sen-

881 2063 940 2092 tire
953 2063 1103 2092 Thebanis
1120 2063 1191 2092 nihil
1211 2064 1380 2101 prodesset,
1392 2063 1451 2098 vel,
1465 2067 1547 2091 utne

881 2105 907 2134 si
932 2105 1079 2136 sentirent
1100 2106 1221 2145 quidem
1238 2105 1383 2139 Thebani,
1398 2104 1548 2143 impedire

879 2152 1018 2185 possent.
1037 2150 1112 2184 354,
1133 2151 1184 2178 21.
1218 2150 1277 2181 πῶς
1299 2146 1405 2184 δίκαιον,
1427 2146 1473 2178 ἐὰν
1492 2146 1548 2187 μὲν

879 2190 1008 2225 πλείονος,
1023 2192 1127 2225 πλεῖον,
1143 2189 1188 2220 ἐὰν
1203 2189 1226 2219 δ’
1239 2190 1398 2224 ἐλάττονος,
1415 2188 1547 2220 ἔλαττον.

879 2234 953 2268 879,
967 2236 1018 2263 21.
1038 2234 1121 2264 πλέον
1130 2233 1200 2263 οὐδὲν
1209 2231 1239 2263 ’ἦν
1253 2233 1460 2270 ἀγανακτοῦσιν
1470 2234 1547 2272 ἧμῖν.

878 2274 921 2303 nil
937 2275 1168 2314 proficiebamus
1184 2275 1408 2305 stomachando.
1426 2277 1501 2310 933,
1515 2277 1548 2305 ’7.

877 2317 991 2355 μηδενός
1006 2318 1096 2346 ἄλλου
1110 2317 1164 2346 εἶσὶ
1183 2319 1261 2347 πλὴν
1275 2318 1324 2346 τοῦ
1337 2317 1456 2350 πλέονος.
1472 2317 1548 2347 nulli

879 2359 930 2388 alii
953 2359 996 2388 rei
1020 2360 1153 2394 student,
1177 2369 1264 2397 quam
1292 2360 1484 2398 compendiis
1501 2360 1546 2389 sa-

879 2402 997 2431 ciendis
1020 2406 1051 2430 et
1072 2401 1295 2440 locupletandae
1322 2402 1367 2430 rei
1394 2402 1546 2431 familiari.

880 2447 954 2478 982,
969 2446 1000 2474 4.
1023 2444 1096 2473 ἐίλλο
1109 2443 1196 2483 μηδὲν
1208 2445 1331 2480 σκοπῶν,
1342 2442 1356 2474 ἢ
1369 2443 1443 2477 δ’πως
1454 2443 1547 2474 πλέον

878 2486 945 2526 ἕξει.
960 2489 1056 2521 1121,
1072 2489 1125 2517 12.
1146 2486 1213 2516 τότε
1231 2485 1401 2516 αἰσθήσεσθε
1418 2488 1546 2527 ἡμαρτη-

878 2529 968 2565 κότες,
978 2528 1023 2559 δ’τε
1034 2530 1166 2560 οὐδοτιοῦν
1176 2528 1258 2559 πλέον
1267 2530 1335 2568 ὑμῖν
1343 2527 1437 2559 ἐ’σται.
1451 2532 1546 2565 1420,

882 2576 931 2602 11.
957 2572 1029 2603 οὐδὲν
1055 2575 1109 2612 γὰρ
1137 2571 1221 2602 πλέον
1244 2572 1385 2610 prodest,
1410 2571 1477 2601 εῖναι
1501 2571 1546 2601 τὸν

878 2615 987 2656 ἐροῦντα
1001 2617 1041 2645 τὰ
1055 2614 1213 2650 Βέλτιστα,
1229 2614 1261 2643 ἂν
1280 2616 1321 2653 μή
1344 2615 1408 2648 τοὺς
1428 2616 1547 2644 ἀκουσο·

878 2657 976 2697 μένους
990 2656 1054 2699 ἐ’χῃ.
1067 2659 1161 2692 1456,
1172 2661 1204 2687 4.
1219 2655 1285 2685 τότε
1300 2655 1406 2695 φήσετέ
1418 2668 1457 2694 με
1473 2657 1545 2687 δεινοὶ

878 2699 1057 2736 πεπονθέναι,
1069 2699 1113 2731 δ’τε
1125 2699 1183 2730 οὔτ’
1194 2698 1256 2738 ἐμοὶ
1267 2697 1352 2729 πλέον
1360 2697 1432 2728 οὐδὲν
1446 2698 1546 2735 ἔσται,

869 2741 934 2772 ὀὔθ’
948 2744 1024 2782 ὑμῖν.
1042 2746 1137 2778 1484,
1147 2743 1201 2771 ult.

836 2785 1005 2825 πλεονάζειν]
1028 2796 1094 2815 sese
1119 2785 1258 2814 attollere
1283 2794 1375 2823 super
1397 2785 1544 2825 reliquos,

877 2828 948 2866 plus
963 2827 1298 2866 auctoritatis,jurium,
1311 2829 1470 2866 potestatis
1485 2828 1545 2858 sibi

879 2880 1032 2909 arrogare,
1052 2881 1140 2909 quam
1160 2869 1333 2901 conveniat.
1353 2872 1427 2905 117,
1443 2872 1474 2900 5.
1496 2870 1546 2900 καὶ

877 2913 941 2945 τοὺς
955 2913 1036 2942 «πάνυ
1056 2912 1148 2947 δεινοὺς
1162 2911 1314 2949 ἑκάστοτε,
1329 2912 1374 2943 ἐὰν
1388 2913 1545 2953 πλεονάζω-

877 2965 930 2989 σιν,
946 2955 1024 2986 ultra
1041 2956 1161 2986 modum
1177 2966 1209 2986 se
1223 2956 1360 2992 efferant,
1375 2953 1542 2986 ἐπίστασθε

837 2998 855 3026 2
874 3005 891 3025 1·
