1910 3187
305 145 361 187 38
724 143 918 189 INDEX
951 145 1328 189 GRAECITATIS

340 261 393 281 reo
406 251 534 287 cellave,
544 252 718 283 autsolario
728 254 907 293 sepositum.
918 257 1013 289 1040,

344 296 398 324 26.
421 293 591 325 ἀποκεῖσθαι
607 295 716 330 τούτοις
738 297 867 338 προσήκει
887 299 942 331 τὰς
956 309 1015 327 τοι-

342 337 436 370 αύτας
473 339 656 378 καταφυγάς.
693 350 868 378 superesse,
907 345 1013 379 patere

341 389 474 433 semper,
486 382 606 419 quoties
622 382 660 412 iis
673 382 840 422 indigeant.
857 385 951 418 1263,
961 386 1012 413 20.

295 421 499 462 ἀποκηςύττειν
524 426 564 454 τὰ
588 427 679 465 μικξιὶ
706 426 755 454 καὶ
775 426 880 468 κομιδῇ
903 427 1014 466 φαυλα.

339 466 447 496 venale
469 467 658 505 proclamare
675 469 732 498 sub
754 479 831 499 voce
848 469 1013 508 praeconis.

338 510 414 544 68⁷,
434 512 487 540 23.
524 510 560 551 b)
572 521 628 550 per
644 522 816 550 praeconem
834 512 965 551 alicujus
982 522 1008 541 e.

340 562 368 581 c.
383 552 525 589 nominis,
542 555 695 593 autjuris,
714 554 942 593 usurpationem
962 565 1014 584 ve-

338 597 416 630 tare,
433 605 529 634 eaque
557 596 753 627 interdicere.
765 598 777 626 ὁ
793 597 873 637 νόμος
887 599 952 632 τοὺς
967 608 1015 635 γο-

337 635 399 671 νέας
420 639 497 668 ποιεῖ
516 637 629 692 κυςηίους
635 640 663 669 οὐ
677 639 758 678 μόνον
771 639 877 670 Θέσθαι
891 641 1015 680 τοῦνομα

337 679 480 721 (liberis)
500 679 531 720 ἒξ
552 683 655 722 ἀξχης,
676 683 756 712 ἀλλὰ.
774 683 823 712 καῖ
844 683 931 713 πάλιν
948 682 1015 723 εξα-

339 721 452 760 λεῖψαι,
476 722 522 754 ἐὰν
550 725 719 762 βούλωνται,
745 726 794 756 καὶ
825 727 1013 768 ἀποκηρύξαι.

338 768 435 801 1006,
447 768 500 797 22.

292 807 449 838 ἀποκλείειν
461 809 545 851 (scil.
561 812 610 841 τῆν
620 809 750 850 πρόσοδον
759 811 832 852 πρὸς
844 812 937 852 υμάς)
950 812 1014 842 adi-

337 855 400 882 tum
417 852 454 881 ad
478 863 533 883 vos
556 854 730 890 occludere,
745 856 946 885 concionandi
963 866 1014 885 co-

338 894 421 933 piam
438 905 559 935 negare,
572 897 622 927 vel
637 897 729 927 etiam
743 898 895 937 eiusmodi
912 903 1014 928 orato-

337 937 365 966 ri
381 937 414 966 τὸ
430 939 533 977 στόμα
549 949 583 969 os
596 939 773 976 occludere,
788 941 836 970 και
851 944 955 981 πικρῶς
965 952 1012 970 και
1036 969 1039 971 ,

335 978 461 1014 ἐναντίως
479 982 594 1011 ἀκούειν.
614 985 758 1018 450,1o.
782 982 947 1014 ἀπέκλεισε
967 983 1014 1013 τόν

336 1023 488 1063 ἀνδροφόνον
504 1027 559 1053 τῶν
573 1023 816 1065 Ἀμφικτυονικῶν
834 1025 916 1065 ἶεξῶν.
938 1028 1013 1062 632,

335 1076 408 1104 pen.
420 1066 560 1096 ἀποκλείει
570 1067 728 1105 εἰσαγωγῆς
737 1069 775 1102 εἷς
787 1067 820 1098 τὸ
829 1068 1013 1108 δικαστήςιον.

337 1110 434 1143 1098,
455 1111 487 1139 6.
510 1109 707 1140 ἀπεκλείσθην
724 1113 774 1141 τοῦ
797 1110 881 1149 λόγου
902 1112 1012 1152 τυχεῖν.

339 1153 435 1187 1107,
452 1154 482 1182 3.
505 1152 662 1183 ἀποκλείων
678 1154 756 1192 ἡμῖὶς
775 1155 825 1184 τοῦ
842 1154 967 1193 ζητῆσαί
983 1167 1013 1185 τι

336 1196 392 1224 τῶν
401 1194 663 1234 καταλειφθέντων.
676 1199 692 1225 1
699 1199 713 1225 1
720 1200 773 1231 10,
781 1200 832 1229 15.
844 1197 1014 1228 ἀπεκεκλεί·

337 1249 416 1276 σμην
428 1238 486 1267 τᾰῖν
500 1237 606 1268 σιτίων.
622 1239 784 1269 comedere
800 1250 859 1270 non
874 1245 1013 1279 poteram

338 1280 477 1310 faucibus
493 1282 666 1320 praeolusis.
683 1284 779 1318 1260,
804 1285 855 1313 23.
879 1282 1014 1314 ἀποκλεί-

337 1334 371 1352 ων
396 1322 474 1358 ἔνδον,
501 1324 582 1354 domi
613 1335 678 1354 suae
709 1326 884 1356 obseratum
906 1332 1013 1357 tenens

337 1367 502 1401 moechum,
510 1367 557 1396 καὶ
571 1367 692 1408 ἀργύριον
700 1368 904 1409 πραττόμενος.
916 1372 1012 1405 1359,

337 1411 368 1440 6.
401 1409 438 1449 1))
453 1410 597 1440 ἀντέδωκα
611 1411 677 1450 μὲν,
691 1410 854 1442 α’πέκλεισα
873 1412 1011 1443 δὲ-ἀθ·

339 1452 445 1482 scendi
460 1454 583 1492 quidem
599 1455 637 1484 ad
653 1455 782 1485 delatam
806 1456 1010 1486 conditionem

335 1498 603 1534 permutandarum
634 1498 714 1528 inter
737 1509 792 1528 nos
822 1498 1012 1534 facultatum,

336 1539 390 1568 sed
405 1539 460 1568 hac
472 1540 670 1580 exceptione,
682 1545 713 1570 ut
726 1541 798 1571 mihi
813 1541 920 1571 liceret
934 1542 1011 1572 acti-

335 1591 424 1610 onem
442 1582 480 1612 de
496 1583 586 1612 bunis
601 1583 677 1613 meis
694 1584 903 1614 fraudulenter
918 1585 1012 1615 inter-

337 1625 437 1654 versis
452 1627 608 1665 persequi.
625 1629 699 1662 841,
716 1628 746 1657 5.

294 1668 544 1709 ἀποκληροῦσθαι]
572 1670 802 1706 subsortitione,
826 1680 880 1700 seu
903 1670 1012 1701 iterata

336 1711 495 1740 sortitione
512 1712 758 1750 adjudicandum
774 1713 941 1751 designari,
957 1715 1012 1744 de-

336 1754 448 1792 putari.
473 1753 678 1796 ὅ’τι·ἐλάχετε,
701 1754 754 1785 εἶτ’
776 1757 1012 1796 ἀπεκληςώθητε.

339 1798 416 1829 778,
429 1800 459 1827 4.

294 1837 450 1869 ἀποκλίνειν
465 1838 512 1869 ἐπὶ
528 1839 560 1870 τὸ
575 1840 722 1881 ῥᾳθυμεῖν.
736 1844 789 1878 13,
802 1845 833 1872 3.
857 1841 1014 1872 ἀποκλίνειν

336 1882 414 1921 ὑμᾶς
428 1881 494 1922 πςός
507 1882 553 1912 τὸν
563 1883 789 1923 Κερσοβλέπτην.
807 1885 966 1914 voluntate
981 1891 1012 1914 et

337 1925 440 1954 studio
457 1926 541 1961 ferri,
567 1928 769 1965 propendere.
789 1930 864 1962 655,
882 1931 932 1958 16.
956 1927 1012 1958 ἐπὶ

336 1967 450 2002 τούτους
459 1968 610 1999 ἀποκλίνει.
625 1973 699 2005 889,
711 1974 760 2001 17.
797 1970 832 2011 b)
847 1969 1013 2001 ἀποκλινθὶῖ-

336 2022 378 2040 ναι
404 2012 534 2051 κεράμιον
558 2012 662 2043 ἐλαίου.
685 2014 715 2042 in
743 2014 823 2044 latus
847 2015 1012 2053 dejectum,

338 2064 481 2084 eversum
507 2066 576 2085 esse
599 2061 718 2095 guttum
741 2057 802 2087 olei
827 2067 844 2086 a
867 2062 1011 2087 torrente.

341 2099 437 2131 1278,
454 2100 506 2127 24.

295 2139 438 2170 ἀποκναίει
453 2139 534 2181 ἀηδίᾳ.
548 2141 596 2170 και
612 2141 797 2182 ἀναισθησίᾳ,
809 2142 900 2172 καθ”
891 2142 1013 2173 εκάστην

337 2181 488 2212 ἐκκλησίαν
504 2185 604 2213 ταῦτα
619 2183 718 2222 λέγων.
731 2187 802 2215 odio
820 2191 851 2215 et
861 2186 1012 2216 stolidita-

338 2230 369 2255 te
381 2235 524 2256 coronam
541 2232 659 2263 enecat,
675 2233 728 2258 aut
745 2229 902 2266 auffugere
919 2229 1013 2268 cogit.

339 2270 415 2304 564,
434 2271 485 2299 12.
499 2270 502 2273 ’

294 2312 434 2353 ἀποκνεῖν]
460 2313 579 2350 ἀνάγκην
603 2311 686 2343 οἶσαν
709 2315 769 2355 ὁρῶν
791 2314 869 2354 ὅμως
890 2315 1011 2344 ἀποκνῶ.

337 2359 437 2383 tamen
459 2356 635 2391 reformido,
661 2363 798 2386 cunctor.
815 2360 868 2391 57,
883 2358 940 2387 ult.
965 2358 1013 2387 οὐκ

335 2398 522 2433 ἀπώκνησαν,
545 2399 598 2428 ουδ
613 2398 795 2438 ἐφοβήθησαν
809 2401 930 2435 ευνοίκῶς
945 2402 1013 2441 ὑμῖν

339 2439 453 2480 ἔχοντες
467 2443 592 2479 φανηναι.
611 2445 684 2478 197,
693 2444 724 2472 3.
746 2443 827 2472 idem
840 2444 920 2482 quod
940 2445 1011 2474 sim-

338 2482 439 2521 plex’
428 2484 509 2512 οκνεῖν
524 2489 554 2513 et
568 2495 684 2514 κατοκνε
684 2486 718 2514 ῖν.

297 2526 470 2567 ‹imum-eru]
485 2528 644 2562 secubare,
653 2528 681 2557 11.
693 2537 720 2557 e.
731 2538 786 2566 per
795 2533 914 2558 noctem
923 2539 941 2557 a
951 2533 1012 2558 sta-

338 2568 421 2598 tione
438 2579 504 2605 sua,
517 2570 675 2609 praesidio,
692 2571 812 2600 abesse.
825 2572 901 2606 238,
915 2574 966 2602 10.

295 2610 544 2654 ἀποκομίζεσθαι]
568 2611 781 2652 ἀπεκομίσθην,
794 2614 917 2643 domum
934 2615 1012 2644 rese-

339 2655 439 2689 rebar,
468 2654 521 2685 ὑπὸ
557 2658 611 2685 τῶν
647 2655 871 2697 παξατυχόντων
897 2657 1009 2697 γυμνός.

342 2698 438 2731 1259,
455 2701 507 2728 23.

297 2737 444 2767 ἀποκοπαὶ
469 2743 566 2780 χρεῶν.
593 2752 642 2777 res
665 2752 763 2777 uovae,
784 2742 895 2772 tabulae
911 2753 1011 2779 novae,

343 2785 479 2810 veterum
509 2784 682 2814 debitorum
707 2785 905 2815 cassationes.
935 2787 1010 2820 215,

345 2825 397 2853 25.
421 2824 569 2858 ἀποκοπὰς
588 2831 675 2868 χξεῶν
691 2830 745 2857 τῶν
759 2827 829 2858 ἰδίων
848 2828 877 2858 οὐ
892 2826 1011 2868 ψηφιοῦ-

343 2878 413 2903 μαι.
430 2868 506 2902 746,
520 2870 546 2896 2
544 2870 570 2897 ’4.

295 2908 481 2948 ἀποκόπτειν]
505 2910 526 2938 οῖ
543 2910 629 2951 ἰατροὶ
644 2912 710 2942 ὃταν
725 2916 847 2953 καξκῖνον
858 2932 898 2937 —
910 2914 1010 2951 ιδωσιν,

338 2950 523 2988 ἀπέκαυσαν,
541 2964 554 2983 η
569 2954 735 2992 ἀπέκοψαν.
751 2959 826 2993 798,
843 2960 894 2988 24.

1048 254 1217 295 ἀπόκρημνα
1226 255 1323 286 πάντα
1335 254 1428 294 τούτῳ
1439 254 1498 295 ὁρῶ.
1514 255 1613 285 omnia
1623 256 1764 295 abrupta,

1090 298 1276 337 praecipitia,
1287 297 1381 334 invia,
1392 298 1485 328 ardua
1497 298 1568 328 huic
1577 299 1681 336 video,
1692 298 1722 327 h.
1734 308 1762 328 e.

1092 350 1305 381 quamcunque
1336 341 1372 370 ad
1394 344 1512 380 partem
1538 341 1764 380 praesidiorum,

1093 389 1352 422 argumentorum,
1382 383 1625 420 excusationum,
1652 383 1764 423 quibus

1092 426 1143 456 alii
1158 427 1222 457 suis
1232 426 1262 456 in
1276 427 1378 457 causis
1391 431 1524 462 utantur,
1539 437 1572 457 se
1582 431 1692 462 vertat,
1708 436 1764 455 uu-

1092 469 1185 508 dique
1210 476 1330 510 septum
1356 470 1461 505 video,
1490 474 1522 499 et
1545 470 1763 509 interceptum.

1092 514 1168 550 793,
1185 515 1216 543 6.

1048 555 1265 596 ἀποκρίνεσθαι]
1289 556 1345 585 τοῖν
1365 554 1510 584 ἀντιδίκοιν
1531 553 1688 592 ἐπάναγκες
1709 554 1763 583 ἀλ-

1092 598 1184 628 λήλοιν
1196 599 1396 638 ἀποκρίνεσθαι
1416 597 1449 627 τὸ
1470 597 1650 637 ἐρωτώμενον.
1661 598 1764 632 1131,

1093 643 1144 671 27.
1169 641 1356 682 ἀποκρίνεται
1373 642 1440 681 ἡμῖν
1455 642 1469 671 ἦ
1482 641 1567 673 Βουλῆ
1578 639 1764 681 ψηφίσματι.

1094 686 1189 720 1149,
1206 687 1236 716 9.

1049 726 1254 768 ἀποκρύπτειν]
1277 726 1327 768 ἐρῶ
1342 726 1407 767 πρὸς
1420 728 1500 766 ὑμᾶς
1511 726 1559 756 καὶ
1581 726 1628 756 οὒκ
1644 724 1766 766 ἀποκρύ-

1091 769 1198 809 ψομαι.
1226 781 1285 800 11011
1308 770 1520 800 dissimulabo.
1545 771 1600 806 73,
1621 772 1672 800 17.
1690 770 1765 805 168,

1091 822 1163 851 pen.
1185 814 1284 853 φράσω
1305 812 1352 842 καὶ
1375 813 1423 842 οὐκ
1451 812 1666 853 ἀποκρύψομαι.
1688 813 1765 847 762,

1093 857 1144 885 19.
1168 856 1283 890 ἀναιδῶς
1306 855 1353 884 καὶ
1375 854 1429 885 οὐδ’
1445 854 1682 895 ἀποκρυψάμενος
1706 865 1766 885 πε-

1092 896 1196 928 ποίηκε.
1206 900 1342 935 723,23.
1359 899 1400 928 τὰ
1413 897 1490 934 ὄντα,
1503 898 1702 933 facultates,
1686 908 1766 927 απο-

1091 941 1293 980 κρύπτεσθαι.
1320 943 1492 978 1121,16.
1522 940 1767 993 ἀποκρύπτεσθαι

1091 984 1140 1012 καὶ
1153 983 1317 1014 διαδύεσθαι
1333 984 1381 1013 καὶ
1398 984 1504 1014 πάντα
1519 985 1614 1019 ποιεῖν,
1629 983 1660 1023 εξ
1674 994 1710 1013 ων
1721 996 1765 1023 μη

1092 1027 1298 1068 λειτουργησης.
1325 1029 1421 1063 1045,
1443 1030 1494 1058 26.
1528 1029 1587 1060 τοῖς
1616 1025 1766 1068 ἐξελεγχο-

1091 1067 1194 1107 μένοις,
1216 1080 1252 1098 ων
1272 1068 1326 1108 μέν
1346 1069 1425 1105 εἶσιν,
1447 1069 1742 1109 ἀποκρυπτομένοις,1
1732 1069 1765 1099 id

1093 1116 1151 1147 est,
1172 1110 1216 1141 ὅ’τι
1238 1112 1354 1145 τούτους
1371 1114 1436 1146 τοὺς
1458 1112 1553 1150 γονέας
1566 1111 1764 1152 ἀποκρύπτον-

1091 1165 1155 1190 ται,
1170 1166 1207 1184 ων
1222 1154 1306 1189 ὅντως
1318 1153 1394 1185 εἰσίν.
1414 1157 1511 1192 1314,
1526 1158 1578 1186 22.

1049 1197 1283 1237 ἀπολαμβάνειν]
1294 1208 1492 1237 recupera=e;
1503 1202 1663 1237 acceptum
1671 1198 1749 1228 ferre
1761 1209 1770 1236 ς

1091 1245 1247 1279 repetere,
1264 1241 1409 1279 exigere3
1437 1241 1631 1280 intercipere.
1663 1240 1696 1279 a)
1715 1250 1765 1270 re-

1092 1293 1250 1323 cuperare,
1266 1284 1347 1323 quod
1367 1288 1451 1314 tuum
1473 1285 1525 1320 sit,
1541 1288 1573 1313 et
1588 1289 1621 1313 tu
1637 1285 1765 1314 antehac

1090 1327 1244 1356 habueris.
1267 1327 1300 1356 ἀν
1323 1337 1356 1356 τε
1379 1327 1501 1362 λάβητε,
1526 1327 1687 1367 accipiatis
1708 1337 1765 1366 pro

1090 1370 1182 1405 dono,
1198 1369 1230 1399 ἀν
1250 1369 1280 1399 τ’
1305 1370 1488 1404 ἀπολάβητε,
1508 1370 1700 1408 recuperetis
1713 1379 1765 1398 ve-

1091 1418 1164 1442 stra.
1178 1415 1231 1447 78,
1248 1415 1279 1444 3.
1300 1413 1321 1442 οἱ
1338 1413 1444 1453 ῥήτορες
1463 1412 1622 1451 λαμβάνειν
1642 1412 1697 1453 μὲν
1717 1412 1765 1442 οὐκ

1089 1455 1157 1491 εἴων,
1181 1455 1399 1494 ἀπολαμβάνειν
1420 1456 1448 1486 δὲ
1475 1455 1675 1488 συνεβούλευον.
1693 1458 1766 1491 162,

1091 1501 1143 1528 17.
1166 1498 1422 1539 ἐπιμελεῖσθαι,’
1413 1497 1487 1532 ὅπως
1501 1499 1534 1528 ἂν
1549 1498 1676 1541 τάχιστ’
1691 1501 1764 1528 ἀπο-

1089 1540 1228 1582 λάβοιμεν
1255 1544 1295 1572 τὰ.
1321 1553 1476 1582 χρηματα.
1505 1544 1580 1578 932,
1605 1544 1656 1573 23.
1690 1543 1764 1572 ἀπο-

1090 1586 1205 1614 στάντα
1228 1597 1279 1619 της
1296 1585 1403 1625 προικὸς
1422 1585 1469 1614 καὶ
1493 1585 1541 1615 οὐκ
1564 1584 1761 1619 ἀπολαβόντα.

1091 1630 1186 1664 1366,
1200 1632 1251 1657 11.
1289 1628 1323 1667 b)
1339 1633 1500 1667 acceptum
1517 1628 1607 1664 ferre,
1623 1633 1657 1658 ut
1677 1628 1763 1658 debi-

1089 1675 1166 1707 tum,
1186 1671 1252 1700 sive
1268 1671 1392 1701 debitor
1408 1681 1461 1700 eas
1476 1671 1562 1710 ipsas
1577 1681 1628 1701 res
1640 1681 1658 1701 a
1672 1681 1763 1710 repo-

1089 1719 1195 1744 scente
1215 1714 1347 1753 accepit,
1365 1713 1433 1744 sive
1458 1714 1519 1743 alio
1541 1714 1684 1754 quopiam
1708 1725 1763 1754 pa-

1090 1762 1141 1787 cto
1152 1757 1269 1787 debuit.
1285 1759 1333 1788 τὴν
1345 1755 1509 1787 καταδίκην.
1523 1758 1679 1793 mulctam,
1696 1767 1763 1796 quae

1089 1801 1290 1830 condemnato
1308 1801 1444 1839 irrogata
1459 1799 1526 1830 suit.
1543 1802 1639 1836 1155,
1656 1803 1686 1832 2.
1713 1802 1763 1831 τὴν

1089 1845 1177 1882 τιμὴν
1199 1846 1254 1873 τῶν
1281 1845 1398 1881 φιαλῶν.
1429 1845 1527 1878 1193,
1543 1845 1594 1873 21.
1627 1845 1692 1877 τοὺς
1714 1842 1762 1872 τό·

1089 1897 1162 1920 κους.
1186 1888 1259 1922 968,
1278 1889 1327 1916 10.
1360 1885 1393 1925 c)
1407 1886 1578 1924 suscipere,
1599 1887 1636 1916 ab
1656 1887 1759 1925 aliquo

1089 1933 1243 1967 repetere,
1259 1929 1398 1968 exigere,
1423 1932 1457 1958 ut
1473 1928 1698 1969 jusjurandum.
1723 1929 1762 1959 δι-

1089 1970 1160 2001 δόναι
1178 1977 1209 2001 et
1229 1971 1393 2002 ἀποδιδόναι
1409 1972 1536 2007 dicitur,
1551 1972 1605 2015 qui
1624 1977 1765 2012 praestat,

1090 2015 1316 2052 ἀπολαμβάνειν,
1332 2015 1384 2044 cui
1399 2019 1572 2052 praestatur,
1585 2016 1638 2054 qui
1654 2015 1762 2055 exigit.

1088 2059 1153 2091 τοὺς
1178 2056 1275 2098 ὅρκους.
1304 2060 1357 2093 59,
1382 2061 1434 2087 11.
1465 2061 1538 2093 234,
1555 2061 1606 2088 10.
1632 2061 1707 2094 678,
1730 2060 1762 2087 7·

1090 2099 1127 2139 d)
1140 2101 1338 2140 intercipere,
1357 2100 1534 2132 excludere.
1557 2100 1625 2140 νόσῳ
1639 2101 1688 2131 καῖ
1699 2111 1763 2142 χει-

1089 2146 1160 2182 μῶνι
1173 2144 1220 2173 καὶ
1232 2143 1369 2182 πολέμοις
1384 2143 1613 2183 ἀποληφθέντος,
1628 2144 1704 2174 ὥστε
1718 2145 1761 2184 μὴ

1089 2186 1229 2216 δύνασθαι
1247 2186 1414 2217 ἐπανελθεῖν
1428 2187 1529 2217 οἴκαδε.
1547 2190 1600 2223 98,
1615 2190 1667 2219 24.

1047 2229 1200 2260 ἀπολαύειν
1220 2232 1271 2264 τῆς
1298 2232 1353 2259 τῶν
1379 2228 1616 2270 ἐναντιωσομένων
1637 2229 1763 2271 ἐρημίας.

1090 2273 1174 2302 abuti
1204 2283 1288 2302 suam
1313 2272 1342 2302 in
1376 2282 1438 2302 rem
1475 2283 1581 2303 eorum
1612 2273 1761 2308 absentia,

1091 2316 1144 2354 qui
1160 2315 1186 2345 si
1203 2316 1357 2350 adessent,
1378 2316 1579 2355 repugnaturi
1596 2316 1668 2345 sint.
1687 2318 1760 2346 171.

1091 2361 1142 2389 23.
1168 2362 1223 2389 τῶν
1241 2359 1360 2388 δικαίων.
1381 2360 1450 2396 jura
1477 2368 1532 2388 sua
1558 2358 1649 2393 tueri,
1673 2369 1763 2388 exer-

1089 2412 1170 2437 cere,
1193 2403 1312 2431 fructus
1329 2411 1433 2429 eorum
1452 2401 1622 2441 percipere.
1639 2403 1714 2436 218,
1729 2402 1761 2431 5.

1087 2446 1139 2478 τῆς
1146 2447 1265 2477 σιωπῆς.
1277 2443 1361 2473 abuti
1374 2443 1496 2473 silentio
1505 2444 1663 2474 concionis
1674 2443 1762 2474 malis

1089 2487 1154 2515 suis
1169 2492 1371 2516 consternutae
1389 2490 1479 2525 atque
1497 2488 1626 2526 dejecta:
1648 2488 1687 2517 ad
1707 2488 1760 2516 de-

1088 2529 1279 2559 clamandum
1291 2535 1320 2558 et
1331 2529 1451 2559 afflictis
1460 2530 1760 2565 insultandum.579,

1090 2574 1142 2603 23.
1167 2571 1303 2611 ἐξουσίας.
1320 2574 1394 2607 681,
1411 2574 1441 2602 2.
1472 2574 1522 2606 τῆς
1542 2571 1682 2613 ἡμετέρας
1701 2573 1761 2603 εὑη-

1088 2613 1178 2649 θείας.
1193 2617 1270 2650 717,
1287 2618 1316 2645 2.
1340 2625 1408 2644 cum
1424 2616 1612 2645 accusativo.
1629 2615 1759 2646 ἀπέλαυ-

1088 2668 1129 2686 σα
1143 2659 1244 2687 ταῦτα
1265 2657 1322 2696 ἐγὼ
1336 2659 1386 2690 τῆς
1407 2657 1480 2698 πρὸς
1503 2659 1601 2688 τοῦτον
1619 2657 1760 2692 κοινωνίας.

1088 2701 1176 2738 quasi
1203 2701 1344 2735 dixisset,
1367 2703 1466 2730 ταῦτα
1493 2701 1592 2735 ἔλαβον
1615 2700 1681 2731 ἀπὸ
1709 2703 1761 2736 τῆς

1089 2753 1131 2772 π.
1148 2755 1178 2772 τ.
1195 2755 1221 2772 κ.
1240 2746 1335 2778 1174,
1354 2743 1410 2772 ult.

1044 2785 1223 2826 ἀπολείπειν]
1258 2786 1415 2822 deserere,
1441 2792 1474 2817 ut
1504 2798 1578 2818 uxor
1607 2787 1759 2817 maritum.

1088 2830 1310 2859 ἀπολελοιπυῖαν
1326 2831 1374 2860 τὴν
1389 2830 1518 2867 γυναῖκα.
1534 2832 1608 2865 865,
1624 2832 1653 2860 6.
1680 2835 1711 2859 et
1727 2834 1759 2859 ut

1090 2877 1190 2901 nautae
1218 2882 1336 2901 navem.
1369 2872 1576 2912 ἀθυμήσαντες
1601 2873 1622 2902 οι
1649 2872 1757 2902 πολλοι

1088 2915 1137 2943 τοῦ
1157 2915 1349 2955 πληρώματος
1373 2916 1479 2957 ᾤχοντο
1505 2927 1554 2946 την
1574 2926 1637 2945 ναυν
1656 2916 1758 2945 ἀπολι-

1088 2956 1205 2992 πόντες.
1232 2962 1246 2988 1
1252 2962 1325 2995 211,
1341 2959 1450 2999 2.1))
1465 2958 1614 2998 reliquum
1632 2957 1690 2988 sibi
1714 2959 1758 2988 fa-
