1910 3187
321 133 377 174 36

374 240 467 274 1246,
485 241 514 269 3.
539 238 696 278 saepiusin
713 239 765 270 illa
779 241 916 271 oratione
930 247 959 271 et
977 242 1040 272 haec

370 281 466 311 dictio
482 287 513 312 et
528 291 558 311 v.
574 282 747 323 ἀπογράφειν
757 284 817 313 isto
830 295 920 314 sensu
934 295 1040 315 ocour-

372 325 411 354 rit
435 330 622 364 usurpatum.
645 325 864 367 ἀπεγραψάμην
885 327 951 368 πρὸς
976 329 1040 362 τοίς

370 370 549 407 στρατηγοὺς
557 369 664 400 ταύτην
674 371 723 400 ‘rin
733 370 906 411 ἀπογραφήν.
916 371 1041 400 exhibui

372 410 522 451 Strategis
539 412 717 443 laterculum
734 414 892 449 bonorum,
911 424 1040 453 quorum

370 465 464 484 usura
480 460 511 485 et
532 456 726 495 possessione
747 457 885 496 legitima
902 457 1042 495 Phaeuip-

371 508 430 537 pus
456 509 504 528 ine
524 505 654 529 arceret.
680 502 774 535 1043,
795 510 866 539 pen.
889 500 977 538 φάσιν
993 501 1042 529 καὶ

373 542 536 582 ἀπογραφὴν
550 541 618 572 ειναι
631 543 680 572 τοῦ
694 541 818 583 ἀργυρίου
832 542 897 583 πρὸς
906 554 970 576 τους
981 541 1042 573 ἔπι-

371 587 506 624 μελητας
521 585 606 625 (scil.
628 587 676 615 τοῦ
696 584 853 626 ἐμπορίου).
878 586 971 615 licere
997 587 1041 616 sie

372 633 485 667 praeter
502 629 547 658 fas
563 628 748 661 creditum.
742 639 771 658 in
787 629 853 658 soro
868 634 1040 659 curatorum

370 676 522 701 mercatus
539 672 635 701 Attici
657 676 689 701 et
707 671 819 710 φαίνειν,
838 671 897 702 hoc
919 676 967 702 est
989 674 1043 702 de-

372 715 525 750 nunciare,
542 714 690 751 indicare,
703 722 734 744 et
749 715 922 755 ἀπογράφειν
937 716 966 745 ἰη
983 716 1042 754 pit-

373 758 454 787 tacio
471 769 506 788 ea
522 758 560 787 de
576 768 608 787 re
619 758 796 799 conscripto
807 765 836 788 et
850 759 1042 789 curatoribus

371 801 511 831 exhibito
527 801 716 840 specificare,
732 806 877 841 quantum
903 801 944 832 sit
966 802 1043 832 illud

371 855 425 880 ωε,
447 849 476 874 et
497 855 563 883 quae
578 855 696 874 merces
713 845 817 875 vetitae
832 846 1046 885 (conti-ebande

378 887 485 918 anen
509 888 708 929 [contraband
732 888 853 929 goods])
878 898 915 917 eo
944 893 1042 919 emtae.

373 933 516 966 941,14.
553 930 627 971 1))ἔν
639 932 794 972 ἀπογραφῇ
810 929 982 962 nemin-rar.
995 932 1043 962 di-

372 974 440 1009 luit,
462 975 614 1014 persolvit
628 985 737 1004 nomen
753 979 951 1004 contractum.
967 977 1043 1011 ¹791,

371 1019 424 1047 24.

327 1060 523 1100 ἀποδεικνύειν]
545 1062 706 1101 deputare,
722 1061 890 1100 assignare,
915 1060 1043 1090 attribu-

372 1114 435 1133 ere.
465 1103 539 1134 item
571 1104 712 1141 edicere3
748 1104 916 1134 declarare.
947 1103 1045 1134 ἑαυτὶν

370 1147 553 1177 ἀποδεικνύειν
565 1147 740 1189 σύμμαχον.
757 1157 826 1177 sese
845 1148 935 1182 serre,
952 1148 1043 1186 profi-

370 1191 441 1225 teri,
458 1191 580 1226 offerre,
596 1191 738 1228 ingerere
752 1191 881 1220 socium.
899 1193 973 1225 191,
990 1193 1043 1220 17.

370 1234 430 1267 τοῖς
454 1232 672 1275 ἀποδειχθεῖσιν
697 1233 824 1275 ἐχθροῖς.
841 1232 991 1273 professis
1013 1239 1043 1263 et

371 1276 536 1306 declaratis
557 1277 708 1307 hostibus.
730 1279 806 1314 3028,
828 1279 879 1306 20.
905 1275 950 1306 ἐὰν
964 1277 1044 1306 τοῦτ’

370 1319 535 1359 ἀποδείξητε
549 1319 581 1349 τὸ
595 1319 711 1353 πλῆθος.
727 1322 801 1357 182,
816 1323 867 1350 14·-
881 1325 912 1350 et
928 1322 980 1350 26.
996 1322 1044 1351 την

368 1362 465 1402 τρίτην
488 1362 636 1402 ἀπέδειξαν
659 1362 821 1394 ἐκκλησίαν.
838 1363 1043 1402 assignarunt,

369 1407 565 1445 deputarunt.
580 1409 657 1443 ¹707,
672 1417 743 1446 pen.
759 1404 782 1446 ᾧ
796 1407 933 1440 βασιλεὺς
947 1405 1045 1447 ἐχθρός

370 1449 562 1480 ἀπεδέδεικτο.
573 1451 621 1479 cui
639 1461 695 1479 rex
711 1450 851 1480 inimicus
866 1449 1040 1485 exstiterat,

370 1494 470 1523 factus
495 1497 571 1528 erat,
594 1503 662 1523 sese
680 1499 829 1532 gesserat,
853 1494 902 1523 vel
923 1493 1042 1532 profes-

371 1546 426 1565 sus
439 1538 596 1572 erat.687,
608 1539 658 1565 11.
686 1537 801 1566 referre
815 1537 846 1566 in
860 1536 1041 1571 rationibus,

371 1590 400 1608 e.
422 1589 450 1608 o.
479 1585 575 1618 gestae
599 1580 715 1609 tutelae.
739 1579 784 1609 δύο
806 1579 855 1610 ἐ’τη
880 1582 919 1608 τὰ
941 1581 1043 1619 πρῶτα

371 1620 562 1662 ἐπιμεληθεῖς
582 1621 669 1662 (scil.
687 1623 736 1652 τοῦ
759 1621 957 1663 ἐργαστηρίου)
973 1622 1043 1651 οὐδο-

371 1666 446 1695 τιοῦν
461 1664 660 1695 ἀποδείκνυσιν.
681 1667 805 1695 tametsi
830 1676 885 1705 per
908 1666 1040 1704 primum

372 1709 527 1738 biennium
543 1708 672 1738 officinae
690 1709 761 1738 huic
777 1712 899 1738 curator
910 1708 1044 1746 praefuit,

372 1751 446 1780 nihil
469 1757 567 1780 tamen
591 1756 730 1790 quaestus
751 1762 788 1780 ex
812 1762 848 1781 ea
874 1750 990 1780 redacti
1014 1751 1043 1780 in

371 1794 542 1824 rationibus
558 1795 672 1824 retulit.
689 1796 764 1829 819,
775 1796 825 1823 16.
840 1792 1043 1832 ἀποδείξαντας

372 1837 493 1866 ἅπασαν
511 1838 560 1867 τὴν
575 1836 668 1866 οὐσίαν
683 1835 789 1867 ἐκείνου.
808 1842 871 1866 tota
889 1838 956 1875 ejus
974 1838 1044 1865 sub-

373 1880 486 1910 stantia
508 1880 643 1910 indicata
661 1884 692 1910 et
709 1878 916 1919 particulatim
937 1889 1043 1912 recen-

372 1923 440 1953 sita.
457 1923 553 1959 1255,
564 1926 614 1953 10.
639 1924 688 1953 τοῦ
703 1922 760 1962 μὲν
773 1922 891 1963 (φθόνου
903 1921 995 1963 puta)
1007 1934 1044 1951 vo-

373 1967 506 2005 σήματος
521 1965 606 2001 ὄντος,
622 1969 676 1996 τῶν
692 1965 719 1996 δὲ
734 1967 804 2006 (τῶν
817 1964 944 2008 χαρίτων
955 1965 1045 2003 puta)

373 2011 433 2043 τοῖς
455 2009 531 2043 θεοῖς
553 2009 800 2049 ἀποδεδειγμένων.
830 2019 898 2039 cum
930 2009 1045 2038 Gratiae

373 2052 433 2082 diis
451 2053 510 2082 siut
532 2058 731 2087 consecratae,
751 2054 779 2082 h.
796 2063 822 2082 e.
844 2062 912 2082 cum
929 2052 998 2091 lege
1016 2057 1046 2082 et

372 2096 432 2125 ritu
455 2095 602 2125 sancitum
620 2097 671 2132 sit,
696 2101 729 2125 ut
751 2097 877 2125 deorum
901 2095 1047 2125 beneficia

373 2138 479 2176 gratiis
508 2139 656 2168 habendis
685 2144 716 2168 et
744 2138 873 2178 agendis
905 2148 1046 2168 remune-

369 2192 482 2212 remur.
505 2185 599 2217 1481,
619 2185 669 2212 12.

329 2225 484 2266 ἀπόδειξις]
508 2224 610 2259 δίκαιός
630 2225 691 2264 εἶμι
712 2223 854 2255 ποιεῖσθαι
869 2226 924 2258 τὰς
936 2222 1046 2254 ἀποδεί-

371 2268 438 2306 ξεις.
462 2268 607 2298 convenit
631 2278 767 2308 personae
792 2278 880 2302 meae,
904 2272 955 2296 aut
975 2269 1045 2306 jure

372 2322 441 2341 meo
466 2312 524 2340 hoc
547 2310 622 2340 mihi
646 2320 745 2346 sumo,
770 2316 803 2340 ut
828 2311 1045 2340 demonstrem.

374 2357 448 2390 245,
471 2357 503 2384 ’7.
534 2352 687 2393 ἀποδείξεις
703 2352 822 2394 ἐναργεῖς
846 2353 893 2382 καῖ
921 2353 1044 2394 φανεραί.

371 2399 447 2433 326,
458 2401 488 2429 4.
506 2397 531 2427 ἐν
550 2394 690 2438 ᾖγνώμης
701 2396 852 2435 ἀπόδειξιν,
865 2397 1046 2427 declaratio—

373 2451 453 2476 nem,
468 2441 497 2470 οὔ
515 2440 639 2479 πονηρίας
662 2439 814 2480 προτίθετε
838 2440 898 2471 τοῖς
920 2438 1045 2477 λέγουσι.

371 2486 448 2519 772,
461 2487 491 2515 8.
514 2483 616 2522 κρίνετε
628 2483 694 2516 τοὺς
708 2484 818 2520 ἀγῶνας
832 2481 898 2522 πρὸς
907 2484 963 2516 τὰς
975 2484 1043 2512 ἀπο-

372 2525 474 2566 δείξεις.
491 2528 588 2561 1467,
604 2527 656 2555 14.

329 2568 500 2609 ἀποδέκτης]
523 2573 697 2608 susceptor,
725 2567 776 2606 qui
806 2567 1045 2597 contributiones

374 2612 550 2642 tributarias
567 2621 585 2640 a
605 2611 779 2641 conferente
803 2621 924 2649 quoque
946 2610 1045 2639 susci-

375 2655 420 2692 pit
449 2656 479 2684 in
509 2655 616 2684 fiscum
640 2654 826 2684 inferendas.
855 2653 1045 2683 Eiunehmer.

375 2697 635 2734 Acciseinnehmer,
652 2695 921 2728 Steuereinnehmer
939 2696 972 2736 [a
986 2697 1044 2725 col-

373 2741 471 2774 lector,
488 2742 656 2776 erciseman,
679 2738 893 2780 taagatherer}
905 2740 982 2774 750,
992 2741 1044 2769 24.

372 2784 448 2817 762,
465 2785 494 2812 2.

330 2823 538 2865 ἀποδέχεσθαι]
549 2826 689 2863 probare,
698 2825 858 2855 admittere
866 2835 932 2854 cum
942 2834 1043 2854 assen-

373 2879 421 2903 su,
445 2868 569 2906 gaudio,
597 2869 868 2907 congratulatione,
888 2868 1042 2906 amplecti,

369 2911 402 2940 in
420 2922 456 2940 eo
478 2911 682 2949 acquiescere.
701 2911 890 2941 construitur
907 2918 975 2940 cum
992 2922 1041 2940 az*-

370 2954 522 2988 cus-atim,
540 2954 690 2984 interdum
707 2964 825 2993 quoque
848 2965 915 2985 cum
932 2955 1041 2993 geniti-

743 132 939 175 INDEX
973 133 1350 177 GRAECITATIS

1119 252 1169 275 vo,
1190 242 1243 271 sed
1261 242 1319 277 sic,
1336 247 1369 271 ut
1387 242 1581 273 accusativus
1604 247 1703 274 tectus
1719 245 1790 274 sub-

1119 285 1270 315 audiatur.
1295 286 1330 318 o'v:
1351 286 1407 325 γὰρ
1429 287 1512 325 ὑμεῖς
1533 286 1732 340 ἀποδέξησθε,
1741 288 1790 317 καὶ

1119 327 1184 367 πρὸς
1203 328 1324 358 ἕκαστον
1337 327 1423 369 ἔχη-ι·
1440 328 1548 364 εὐνοίας,
1568 328 1655 365 οὕτως
1673 330 1685 360 ὅ
1701 329 1790 369 λέγων

1119 370 1191 410 ἔδοξε
1208 373 1318 410 φρονεῖν.
1335 374 1480 406 318,11.
1503 371 1568 413 πρὸς
1580 372 1644 408 Διὸς
1658 385 1706 403 και
1698 372 1790 409 θεων

1117 426 1161 453 μη
1169 414 1361 453 ἀποδέξησθε,
1371 416 1446 445 citat
1456 416 1668 454 Hermogenes
1677 427 1704 456 p.
1714 419 1789 447 319.

1119 467 1159 486 ex
1175 463 1250 487 orat.
1268 459 1306 487 de
1323 458 1421 497 EI..)
1436 457 1629 498 ἀπεδέξασθε
1644 459 1680 493 ὡς
1693 456 1743 488 οἷόν
1757 470 1790 489 τε

1117 500 1268 538 μάλιστα.
1285 502 1446 536 laudastis,
1460 507 1546 540 grata
1557 507 1591 531 et
1600 506 1729 542 accepta
1739 503 1792 532 ha-

1120 544 1242 580 buistis,
1265 550 1376 598 quanto
1399 549 1500 583 potest
1521 543 1655 574 maximo
1678 545 1792 575 studio.

1121 587 1196 622 519,
1213 590 1244 616 8.
1267 587 1290 617 εἴ
1312 589 1366 625 γὰρ
1382 588 1483 618 τούτου
1502 589 1581 617 ταῦτ
1583 586 1792 626 ’ἀποδέξω-δε.

1119 630 1264 666 599,10.
1287 642 1330 669 μη
1341 642 1383 660 ουν
1395 630 1587 672 ἀποδέχεσθε
1600 630 1700 660 τούτου
1710 638 1792 670 φενα-

1120 671 1274 712 κίζοντος
1265 685 1352 712 υμας.
1376 676 1471 708 1292,
1493 676 1523 705 9.
1546 672 1685 707 δικαίως“
1673 683 1706 703 αν
1719 674 1792 704 ουδο-

1118 718 1194 746 τιοῦν
1211 715 1406 757 ἀποδέχοισθε
1421 717 1533 752 τούτου,
1549 718 1584 751 ὡς
1603 715 1679 755 ὑγιές
1697 727 1728 746 τι
1743 716 1790 747 λέ-

1119 771 1223 797 γοντος.
1244 762 1341 795 1181,
1361 769 1430 798 pen.
1454 762 1515 793 πῶς
1537 758 1739 799 ἀποδέξασθαί
1763 772 1792 790 τι

1119 803 1251 843 προσηκει
1264 802 1371 832 τούτων
1384 801 1538 840 λεγόντων;
1560 805 1636 838 832,
1654 804 1704 833 15.
1719 803 1792 833 ἀπο-

1121 845 1311 888 δεχομένους
1301 847 1379 884 υμᾶς
1398 845 1478 886 ὁρῶσι
1493 847 1549 879 τὰς
1563 845 1670 876 τούτων
1684 848 1794 886 προφά-

1121 899 1188 923 σεις.
1202 890 1297 924 1335,
1315 892 1366 918 10,
1390 887 1517 919 παιδείαν
1529 887 1681 930 ἀπεδέχου.
1698 891 1792 926 1490,

1101 964 1112 967 -
1124 935 1173 962 11.
1204 932 1240 971 b)
1252 942 1447 971 recuperare,
1459 932 1605 970 recipere.
1619 944 1634 962 η
1649 942 1692 962 νυν
1705 932 1793 963 οἴεταί

1120 986 1161 1014 με
1176 974 1304 1016 τυχόντα
1319 977 1375 1004 τῶν
1390 973 1499 1004 δικαίων
1513 973 1580 1016 παρ’
1594 975 1673 1015 ὑμῶν
1684 974 1793 1005 ἀποδέ-

1122 1017 1239 1056 ξεσθαι.
1254 1028 1322 1057 quae
1337 1023 1434 1048 mater
1451 1029 1517 1048 mea
1530 1029 1609 1048 nuuc
1626 1022 1731 1058 sperat
1746 1019 1792 1049 fu-

1122 1066 1236 1096 turum,
1258 1066 1292 1090 ut
1311 1061 1394 1090 domi
1409 1072 1457 1091 me
1474 1061 1615 1101 recipiat,
1638 1071 1655 1091 e
1673 1062 1793 1101 judicio

1123 1104 1168 1133 sic
1191 1113 1359 1139 reversum,
1383 1108 1418 1133 ut
1441 1104 1564 1143 plenum
1580 1106 1633 1143 jus
1655 1115 1756 1135 meum
1775 1116 1793 1135 a

1121 1147 1211 1176 vobis
1228 1147 1358 1185 adeptus
1372 1147 1440 1176 sim.
1457 1148 1533 1182 842,
1549 1148 1600 1177 13.

1077 1190 1257 1231 ἀποδημεῖν]
1291 1190 1472 1229 ἀπεδήμησεν
1502 1189 1605 1220 ἐκεῖσε.
1637 1191 1793 1228 profectus

1119 1238 1167 1263 est
1183 1234 1266 1263 illuc.
1283 1235 1357 1268 988,
1375 1236 1425 1262 14.
1449 1232 1572 1273 δημοσίᾳ
1586 1233 1797 1273 ἀποδημοῦντος

1121 1275 1203 1316 ἐμοῦ,
1218 1277 1444 1318 τριηραρχοῦντος
1460 1276 1536 1316 ὑμῖν.
1561 1287 1609 1306 me
1631 1278 1723 1307 domo
1739 1279 1794 1308 ab·

1122 1325 1208 1349 sente
1231 1330 1287 1360 per
1309 1319 1496 1349 functionem
1513 1319 1647 1349 muueris
1662 1320 1796 1360 publici,

1122 1362 1237 1402 quippe
1251 1363 1303 1402 qui
1322 1363 1506 1392 trierarchus
1527 1363 1557 1392 iu
1578 1363 1676 1393 classe
1692 1368 1796 1394 vestra

1122 1416 1232 1436 essem.
1259 1408 1356 1441 1102,
1381 1409 1431 1436 10.
1455 1405 1672 1445 ἀποδημοῦντος
1692 1406 1795 1436 τούτου

1121 1451 1208 1488 παρὰ.
1222 1449 1350 1482 βασιλεῖ.
1368 1449 1424 1478 illo
1445 1448 1477 1478 in
1499 1449 1661 1488 peregrino
1680 1450 1746 1479 solo
1762 1450 1793 1479 in

1122 1492 1231 1522 castris
1255 1493 1337 1530 regis
1362 1493 1522 1522 Persarum
1546 1496 1667 1531 agente.
1696 1495 1794 1529 1192,

1122 1536 1174 1565 21.
1196 1534 1339 1575 ἐφ”ἑτὲρα
1353 1535 1507 1574 ἀποδημῶν
1519 1533 1651 1575 ἐμπορία.
1663 1545 1722 1565 non
1739 1536 1794 1566 do-

1120 1578 1174 1614 mi,
1188 1580 1241 1608 sed
1255 1589 1384 1618 peregre
1397 1588 1504 1618 agens,
1513 1579 1732 1618 negotiationis
1742 1589 1794 1610 ne-

1120 1622 1184 1651 scio
1201 1623 1288 1661 cujus
1304 1632 1388 1662 ergo.
1407 1623 1503 1657 1236,
1519 1623 1572 1652 23.

1078 1664 1264 1706 ἀποδιαιτςῖν]
1279 1665 1392 1694 dicitur
1402 1664 1517 1694 arbiter
1527 1664 1660 1703 aliquem
1674 1669 1795 1696 senten-

1122 1708 1166 1737 tia
1183 1719 1238 1737 sua
1253 1708 1429 1742 absolvens,
1445 1712 1476 1737 et
1490 1708 1658 1748 opponitur
1677 1708 1722 1746 τῷ
1740 1718 1795 1737 κα-

1121 1751 1281 1790 ταδιαιτᾷν.
1305 1751 1495 1780 construitur
1519 1761 1590 1780 cum
1609 1750 1745 1790 genitivo
1765 1756 1797 1781 et

1122 1794 1240 1823 dativo.
1258 1793 1347 1824 πείθει
1366 1793 1450 1823 αὐτὸν
1465 1795 1513 1824 τὴν
1525 1792 1609 1829 δίκην,
1628 1793 1657 1823 ἣν
1671 1794 1795 1824 καταδε-

1122 1836 1253 1877 διῃτὴκει,
1271 1834 1527 1877 ἀποδεδιῃτημένην
1541 1835 1696 1876 ἀποφέρειν.
1718 1837 1795 1877 (nisi

1122 1879 1226 1918 potius
1240 1880 1284 1909 ibi
1295 1878 1456 1918 ἀποφαίνειν
1469 1880 1530 1919 leg.
1542 1879 1618 1920 est.)
1627 1880 1795 1916 declarare,

1123 1922 1316 1959 sententiam,
1331 1932 1400 1961 quae
1422 1922 1452 1951 in
1468 1922 1599 1952 Midiam
1615 1923 1796 1961 pronuncia-

1122 1970 1153 1994 ta
1168 1971 1264 2000 esset,
1279 1965 1446 1995 secundum
1468 1976 1536 1995 eam
1552 1965 1649 1996 fuisse
1665 1975 1797 2005 pronun-

1121 2008 1238 2038 tiatam.
1256 2011 1331 2043 542,
1345 2011 1376 2037 7.
1390 2010 1464 2043 545,
1476 2011 1528 2039 26.
1545 2008 1796 2049 ἀποδιαιτῆσωμεν

1124 2051 1203 2089 αὐτῷ’
1225 2053 1274 2081 τῆν
1300 2050 1418 2080 δίαιταν.
1444 2051 1602 2080 arbitrium
1626 2052 1794 2081 secundum

1125 2105 1157 2123 se
1175 2094 1328 2123 daremus.
1346 2097 1420 2129 544,
1437 2096 1488 2124 24.
1512 2092 1683 2132 ἀπεδιῄτησέ
1701 2105 1759 2133 μου
1783 2095 1796 2124 ὅ

1124 2137 1268 2171 διαιτητῆς
1290 2136 1360 2176 «περὶ
1385 2133 1422 2166 ὧν
1448 2133 1522 2167 οὗτοι
1550 2135 1709 2176 ἑδικάζοντὸ
1732 2149 1794 2176 μοι.

1123 2180 1257 2209 absolvit
1279 2190 1328 2210 me
1353 2180 1466 2209 arbiter
1488 2181 1526 2209 ab
1550 2179 1587 2208 iis
1603 2179 1795 2217 criminibus,

1122 2233 1250 2262 quorum
1266 2223 1297 2252 bi
1314 2233 1362 2252 me
1383 2223 1613 2252 insimulabant.
1629 2224 1725 2257 1013,
1743 2226 1795 2254 14.

1123 2267 1134 2296 ὅ
1150 2267 1295 2300 διαιτητὴς
1306 2266 1335 2295 οὐ
1346 2265 1528 2302 κατεδιαίτα,
1536 2263 1607 2294 ἀλλ’
1619 2266 1711 2295 ἀπιὼν
1722 2265 1797 2307 ᾤχε-

1122 2321 1156 2338 το
1178 2310 1387 2344 ἀποδιαιτήσας
1401 2309 1502 2338 τούτου
1516 2311 1565 2339 τὴν
1579 2307 1689 2339 δίαιταν
1704 2308 1794 2338 ἑσπέ-

1123 2364 1172 2393 ρας
1188 2352 1234 2383 ἤδη
1251 2353 1342 2385 οὔσης.
1364 2355 1459 2387 1190,
1476 2355 1506 2382 8.
1530 2353 1571 2381 τὸ.
1585 2350 1795 2382 ἀποδιαιτηθέν-

1124 2407 1163 2424 τα
1179 2407 1236 2434 μου
1252 2395 1354 2428 λύσας.
1371 2394 1511 2424 rescissis
1523 2393 1575 2430 iis,
1590 2403 1657 2433 quae
1673 2404 1730 2433 pro
1744 2405 1794 2425 me

1123 2438 1321 2477 pronunciata
1336 2437 1465 2466 fuerant.
1482 2439 1578 2472 10021,
1593 2439 1646 2468 12.

1080 2480 1251 2520 ἀποδιδόναι]
1269 2480 1308 2515 ei,
1322 2482 1409 2518 cujus
1422 2486 1556 2515 esset,et
1573 2481 1652 2510 unde
1666 2480 1794 2510 sumsis-

1123 2533 1184 2559 ses,
1198 2524 1370 2552 restituere.
1386 2523 1458 2552 οὐδέν
1477 2534 1527 2561 μοι
1548 2523 1624 2552 ποιεῖ
1636 2524 1692 2552 τῶν
1706 2522 1794 2552 δικαί-

1123 2577 1168 2602 ων,
1189 2564 1243 2595 οῦδ’
1257 2565 1407 2595 ἀποδίδωσι
1430 2564 1464 2596 τό
1483 2566 1586 2595 δάνειον.
1611 2575 1670 2594 non
1690 2566 1795 2596 reddit

1122 2619 1165 2638 aes
1179 2613 1316 2638 mutuum
1341 2618 1358 2638 a
1382 2618 1429 2638 rne
1453 2608 1513 2638 sibi
1537 2607 1699 2638 creditum.
1717 2611 1792 2644 911,

1124 2653 1175 2681 10.
1198 2651 1383 2691 b)tribuere‚
1393 2651 1498 2691 largiri
1511 2650 1793 2690 simpliciteretiam

1123 2695 1166 2730 id,
1189 2695 1269 2733 quod
1288 2695 1387 2724 minus
1402 2695 1529 2730 debeas,
1546 2699 1579 2724 ut
1591 2694 1746 2733 accipiens
1760 2694 1792 2724 id

1123 2748 1179 2776 pro
1201 2743 1283 2767 sorte
1307 2748 1362 2767 sua
1377 2738 1435 2767 sibi
1451 2737 1655 2767 conveniente
1671 2737 1793 2773 habeat,

1123 2785 1236 2811 teneat.
1259 2780 1291 2810 ἃν
1307 2781 1355 2809 καὶ
1378 2781 1510 2810 ὃωωσοῦν
1533 2780 1652 2820 μετρίαν
1672 2781 1686 2811 ἦ
1709 2779 1794 2820 φύσις

1121 2822 1185 2860 ὄψιν
1207 2823 1313 2861 ἀποδῷ.
1331 2825 1427 2859 1383,
1441 2826 1492 2854 27.
1527 2823 1561 2862 c)
1576 2822 1730 2858 exhibere,
1748 2828 1793 2851 at-

1122 2867 1268 2902 tribuere,
1282 2867 1459 2906 persolvere
1477 2866 1629 2901 debitum,
1645 2870 1791 2903 praestare

1120 2910 1165 2947 id,
1187 2910 1269 2950 quod
1293 2915 1325 2940 et
1347 2910 1396 2939 cui
1419 2910 1564 2946 dandum,
1586 2908 1791 2947 praestandum

1121 2958 1195 2985 erat.
1212 2955 1254 2993 μῆ
1268 2955 1316 2985 την
1331 2952 1431 2994 ὁμοίαν*
1442 2953 1543 2991 αὐτοῖς,
1557 2953 1640 2993 χάριν
1653 2950 1791 2981 ἀποδιδόν-
