1822 3187
539 137 601 179 IN
635 133 1122 180 DEMOSTHENEM.

112 242 362 298 Eumolpidarum
375 245 414 274 de
430 248 520 284 gente
530 249 614 274 erant
626 243 822 282 Hierophan-

111 288 500 368 Eutriiicu1s5²iijlioel3argensis
514 332 608 364 1312,
619 330 670 360 13.
685 329 779 362 1320,
790 329 820 357 9.

113 370 281 406 Eunomus,
294 371 530 411 Anaphlystius,
546 374 662 411 Ceryx.
677 373 751 405 283,
768 372 798 400 8.

113 412 281 448 Eunomus,
302 415 394 443 frater
423 414 586 444 AEschinis.
607 416 681 449 379,
698 415 750 442 16.
781 412 821 441 si—

157 455 323 492 gnificatus.
342 467 371 485 v.
386 457 501 486 Schott.
519 467 550 495 p.
567 459 618 486 82.

50 509 55 511 ·
115 496 304 535 Euphemns,
318 509 406 528 socer
421 499 592 529 Mantitliei.
613 501 702 532 1011,
719 498 770 527 26.

115 539 310 577 Euphiletus,
336 541 512 576 Damotimi‚
531 541 728 580 Aphidnaeus.
748 541 822 575 934,

157 591 227 619 pen.

116 623 310 662 Euphiletus,
321 625 466 660 Simonis,
476 625 674 654 AExonensis.
688 626 784 659 1353,
793 627 822 653 1.

116 665 262 704 Euphraei
291 672 427 697 narratur
453 668 581 696 adversa
612 667 741 701 fortuna,
771 666 822 705 qui

158 709 240 747 quod
261 710 357 740 Oritis
378 709 564 748 perniciosas
588 710 824 739 machinationes

159 752 322 782 amicorum
340 752 478 792 Philippi
495 751 694 790 prodidisset,
711 752 741 781 in
759 762 824 781 car-

159 804 259 823 cerem
279 796 447 833 conjectus,
469 795 536 833 ipse
555 794 614 824 sibi
634 805 739 824 manus
759 795 826 824 vio-

159 836 254 866 lentas
268 837 380 867 intulit.
396 839 469 871 126,
486 841 515 869 6.

117 879 298 917 Euphraeus,
315 880 354 909 al.
386 880 585 917 Euphoraeus,
610 880 826 909 nummularius

159 922 299 951 Athenis.
323 925 397 957 948,
414 924 465 952 16.
490 923 613 952 videtur
636 933 756 959 servus,
777 929 828 952 aut

158 964 285 993 libertus
296 965 437 994 Pasionis
449 965 554 998 fuisse,
564 970 615 994 aut
630 966 730 995 saltim
745 976 827 996 men-

161 1017 202 1036 sae
218 1007 362 1036 foenebris
379 1018 515 1037 consors.
534 1009 630 1043 1197,
648 1011 700 1037 11.

119 1050 276 1089 Euphron,
293 1050 523 1080 nummularius.
541 1052 613 1086 948,
630 1053 680 1080 17.

119 1093 319 1130 Eupolemus.
336 1094 429 1128 1052,
447 1095 477 1124 9.

120 1135 298 1173 EuripideS,
312 1136 451 1174 Polyclis
469 1136 503 1165 in
520 1135 720 1166 trierarchatu
736 1137 828 1166 colle-

162 1187 208 1216 ga.
226 1180 322 1213 12‘27,
339 1181 390 1208 12.

119 1220 280 1258 Euripidis
292 1225 392 1259 poetae
409 1220 538 1251 Phoenix
553 1221 674 1251 citatur.
688 1224 763 1257 418,
778 1224 807 1252 2.

120 1263 308 1302 Eurybatus,
344 1264 491 1302 proditor,
526 1265 613 1302 cujus
644 1265 771 1304 pertidia
800 1265 830 1294 in

163 1306 360 1344 proverbium
377 1306 462 1335 abiit.
480 1308 554 1341 233,
570 1309 599 1336 8.

121 1348 323 1386 Eurydamas,
348 1349 455 1378 Midiae
482 1349 575 1384 filius,
603 1350 743 1379 Neaeram
774 1359 831 1387 pro

163 1391 261 1420 amica
275 1401 377 1420 secum
390 1401 447 1430 per
461 1392 647 1421 Thessaliam
659 1391 832 1421 ductitavit.

165 1435 261 1469 1382,
278 1435 309 1463 6.
334 1434 454 1463 videtur
470 1436 597 1473 Magnes
612 1434 716 1464 fuisse.

122 1476 319 1514 Eurylochus
336 1486 354 1505 a
374 1477 520 1516 Philippo
536 1488 605 1507 cum
628 1476 774 1516 praesidio
794 1477 831 1506 ad

165 1519 315 1549 Eretriam
345 1519 469 1555 missus,
505 1520 542 1549 ad
576 1520 833 1558 compescendum

166 1562 368 1597 Eretrienses,
399 1562 537 1600 pristinae
566 1562 717 1592 libertatis
746 1572 833 1592 recu·

165 1604 307 1642 perandae
331 1604 468 1642 cupidos.
492 1605 574 1635 circa
598 1615 665 1634 ann.
681 1607 710 1635 2.
735 1610 787 1635 aut
801 1607 831 1636 3.

167 1646 291 1686 Olymp.
309 1647 401 1676 CIX.
412 1649 486 1683 126,
503 1651 533 1677 1.

123 1689 344 1727 Eurymachus,
357 1690 545 1725 Leontiadae,
555 1690 729 1725 Thebanus,
743 1691 834 1719 ssoeo-

132 1744 135 1746 ·
166 1732 270 1762 tarcha
285 1742 352 1760 cum
367 1738 458 1766 esset,
473 1738 578 1762 auctor
590 1733 653 1762 suis
663 1733 760 1762 sactus
774 1739 832 1769 est,

168 1779 202 1803 ut
225 1775 365 1809 Plataeas,
382 1775 483 1804 subito
500 1786 675 1814 oppressas,
691 1776 835 1805 Lacedae·

169 1817 276 1846 moniis
292 1817 467 1855 proderent.
486 1819 580 1853 1378,
595 1820 647 1846 21.

125 1860 330 1898 Eurystheus,
353 1869 408 1888 rex
434 1859 579 1898 Argivus,
602 1860 653 1888 ille
681 1870 782 1889 soevus
805 1865 836 1889 et

167 1901 372 1941 implacabilis
388 1902 533 1931 Herculis
548 1907 580 1932 et
601 1902 835 1932 Heraclidarum

169 1945 349 1982 exagitator.
362 1946 458 1980 1391,
473 1947 522 1974 10.

126 1987 301 2023 Euthetion,
318 1987 601 2025 Kydathenaeensis.
621 1989 714 2023 1356,
731 1988 782 2018 15.

128 2030 296 2068 Euthycles
312 2035 374 2059 tum
390 2035 455 2058 erat
470 2030 604 2066 Archon,
621 2040 699 2064 cum,
713 2034 836 2068 rogante

171 2072 384 2112 Ctesiphonte,
400 2083 510 2102 corona
527 2083 617 2102 aurea
639 2072 836 2101 Demostheni

170 2115 393 2144 decerneretur.
410 2117 483 2151 266,
501 2119 550 2147 16.
577 2116 702 2154 Olymp.
719 2115 790 2144 CX.
808 2117 836 2145 2.

171 2158 290 2187 Corsiui
306 2158 343 2187 F.
354 2158 392 2187 A.
405 2158 430 2187 Ι.
448 2170 476 2198 p.
488 2160 562 2188 362.

129 2200 308 2239 EutliycleS‚
323 2200 372 2229 cui
390 2201 610 2230 Demosthenes
625 2200 792 2229 orationem
807 2199 837 2228 iu

172 2244 390 2273 Aristocratem
403 2243 694 2282 scripsit,interfuit‚
705 2253 772 2272 cum
783 2243 839 2271 im-

172 2286 259 2325 perio
275 2286 442 2321 trierarchi,
461 2285 648 2325 expeditioni
670 2286 698 2314 in
718 2285 839 2314 Helles-

174 2334 312 2368 pontum,
329 2334 361 2357 et
376 2333 444 2357 ante
457 2328 542 2357 illam
552 2338 672 2358 causam
686 2329 748 2367 jam
763 2328 839 2357 alios

174 2376 371 2401 accusaverat
384 2371 522 2400 fraudum
538 2371 568 2401 in
584 2382 650 2410 rep.
667 2381 747 2400 reos.
765 2374 839 2407 622,

132 2458 350 2498 Euthycrates,
373 2456 550 2495 Olynthius,
565 2457 695 2496 patriam
722 2457 840 2496 Philip-

173 2510 214 2539 po
231 2510 299 2529 cum
323 2500 521 2537 prodidisset,
538 2501 576 2529 ab
600 2510 636 2529 eo
657 2499 769 2529 misere
795 2505 842 2530 est

175 2543 321 2572 sublatus.
336 2545 387 2576 99,
403 2545 454 2573 22.
477 2544 552 2577 426,
564 2545 593 2572 2.
611 2546 684 2577 451,
699 2548 725 2572 1.

132 2584 356 2622 Euthydemus,
372 2586 540 2620 Stratoclis,
555 2586 696 2614 laudatur
711 2585 749 2614 ob
765 2585 841 2614 libe-

175 2625 324 2656 ralitatem
341 2638 412 2665 erga
425 2638 521 2667 remp.
537 2630 614 2663 567,
628 2630 678 2658 26.

135 2670 358 2708 Euthydemus,
374 2670 545 2709 Phlyensis,
562 2671 619 2700 fuit
633 2672 663 2700 in
678 2670 788 2710 legatis
804 2670 839 2700 ad

178 2712 352 2751 Philippum
371 2713 399 2740 in
413 2718 513 2742 castra
527 2714 563 2742 ad
582 2714 718 2743 Elateam
730 2713 841 2747 missis,

179 2765 237 2793 quo
261 2754 398 2784 inducias
421 2756 457 2784 ab
482 2766 517 2784 eo
539 2756 749 2795 impetrarent.
767 2758 841 2792 282,

178 2800 230 2827 22.

136 2839 359 2877 Euthydemus,
371 2840 524 2878 Pamphili
541 2839 629 2870 filius.
643 2844 737 2876 1015,
749 2843 799 2871 19.

138 2882 338 2921 Euthydicus,
353 2883 502 2912 medicus.
520 2886 614 2917 1018,
632 2886 682 2912 10.

137 2926 377 2964 Euthymacl1us‚
394 2925 585 2964 Otrynensis.
606 2928 699 2961 1083,
717 2929 746 2956 4.

1477 135 1561 178 309

856 241 1038 279 Euthymus,
1051 241 1196 270 luctator.
1211 242 1286 277 537,
1299 243 1350 271 14.

855 283 1101 322 Enthyphemus,
1117 283 1217 312 scriba
1233 283 1346 323 judicii
1366 283 1560 315 mercantilis.

898 328 993 360 1324,
1012 328 1062 354 10.

854 368 1039 401 Eusitheus,
1055 367 1191 396 Thucriti
1209 368 1241 402 f.,
1258 368 1461 403 Halimusius,
1478 375 1563 399 actor

898 421 997 440 causae
1011 410 1158 439 adversus
1171 410 1364 444 Eubulidem,
1377 421 1392 440 a
1403 422 1462 449 quo
1474 423 1562 450 pere-

897 453 1049 492 grinitatis
1075 457 1233 481 accusatus
1259 454 1366 481 fuerat.
1393 456 1488 489 1299,
1517 465 1562 493 sq.

898 498 994 530 1311,
1012 498 1063 525 18.
1084 495 1144 524 fuit
1157 495 1318 533 aliquando
1334 495 1380 523 sni
1401 496 1491 531 demi,
1510 507 1563 526 seu

897 538 1069 577 municipii,
1082 537 1235 576 magister,
1253 542 1284 566 et
1298 537 1506 576 magistratum
1522 539 1565 568 ita

899 581 1005 618 gessit,
1031 585 1065 610 ut
1085 581 1210 609 decreto
1241 579 1355 617 scripto
1381 579 1566 610 laudaretur.

899 633 1006 652 verum
1022 622 1188 652 acerbitate
1204 621 1374 650 exactionis
1392 620 1565 652 debitorum

898 665 1058 693 nonnullos
1072 663 1299 702 municipalium
1319 664 1350 693 in
1372 673 1404 692 se
1425 663 1566 694 irritave—

900 711 955 735 rat.
971 709 1066 742 1319,
1080 710 1110 735 1.

858 748 1044 785 Euxitheus,
1058 748 1274 778 Chollideusis.
1292 749 1388 784 1260,
1403 750 1434 778 2.

858 791 1043 828 Euxitheus,
1057 790 1238 820 Timocratis
1254 790 1275 818 f.
1288 792 1384 826 1311,
1396 794 1426 820 1.

859 833 1044 870 Euxitheus‚
1060 833 1166 868 Eleus,
1180 832 1331 872 proditor.
1347 835 1422 868 324,
1441 836 1490 863 10.

860 878 1050 911 Exekestus,
1066 876 1214 906 medicus.
1230 877 1306 911 379,
1320 877 1372 905 16.

861 919 1047 954 Exekestus,
1061 921 1297 957 Lampsacenus,
1319 917 1370 957 qui
1388 918 1571 956 Philiscum,

902 970 1059 1001 tyrannum
1076 962 1192 1002 patriae,
1203 960 1365 991 interemit.
1381 962 1455 997 666,
1466 972 1538 1001 pen.

1205 1091 1242 1120 G.

863 1176 1058 1214 Ganymedes
1073 1177 1176 1205 formae
1189 1174 1368 1205 nobilitatus
1381 1175 1573 1206 excellentia.

908 1220 1002 1254 1410,
1013 1221 1064 1249 20.

864 1261 1029 1290 Gelarchus
1055 1261 1170 1300 populo
1197 1260 1389 1295 Atheniensi,
1414 1269 1430 1288 e
1454 1260 1575 1290 Piraeeo

906 1303 1036 1333 reditum
1052 1304 1083 1332 iu
1101 1304 1213 1333 Urbem
1235 1302 1366 1341 paranti,
1380 1302 1513 1342 quinque
1529 1308 1575 1332 ta-

907 1346 990 1376 lenta
1013 1346 1197 1381 crediderat,
1220 1356 1286 1384 quae
1308 1345 1443 1384 populus
1469 1346 1498 1375 ei
1520 1356 1577 1385 per

906 1389 1155 1428 Aristophontem
1171 1388 1316 1417 reddidit.
1331 1390 1405 1423 502,
1421 1391 1472 1418 17.

866 1430 1035 1461 Glauketes
1051 1432 1087 1461 ad
1102 1430 1274 1460 Mausolum
1286 1431 1419 1470 legatus,
1432 1430 1498 1469 ipse
1514 1434 1576 1460 ter-

907 1474 979 1510 tius,
1008 1475 1149 1504 mittitur.
1171 1475 1246 1509 703,
1275 1476 1327 1503 21.
1360 1472 1487 1503 crimina
1510 1475 1578 1512 ejus

909 1522 1113 1556 exponuntur.
1131 1518 1207 1551 740,
1231 1518 1284 1547 24.
1308 1516 1406 1545 fuerat
1432 1517 1579 1546 Lacedae-

907 1560 1019 1589 moniis
1042 1566 1072 1589 et
1094 1558 1334 1597 XXXtyraunis
1357 1557 1488 1588 deditus.
1503 1559 1581 1589 ibid.

908 1603 1030 1641 praesuit
1051 1603 1195 1632 thesauro
1220 1602 1251 1631 in
1274 1611 1343 1630 arce
1367 1600 1436 1631 sito.
1454 1604 1530 1638 741,
1546 1604 1577 1632 4.

908 1646 1024 1681 nescio,
1039 1646 1161 1675 idemne
1174 1644 1215 1673 sit

866 1687 1043 1723 Glauketes,
1057 1686 1282 1726 Kephisiensis.
1299 1687 1395 1720 1358,
1409 1687 1460 1715 27.

867 1730 1005 1759 Glaucen
1021 1735 1052 1759 et
1067 1731 1212 1765 Glaucus,
1227 1729 1349 1767 fratres,
1365 1729 1506 1764 OEenses,
1524 1730 1579 1759 fal-

911 1783 976 1802 sum
997 1777 1210 1801 testamentum
1228 1770 1405 1809 subjiciunt,
1422 1782 1475 1810 per
1496 1773 1578 1811 quod

911 1815 1070 1844 tentabant
1089 1815 1119 1842 in
1138 1813 1268 1851 Hagniae
1284 1813 1483 1843 hereditatem
1505 1815 1581 1844 irre-

910 1867 994 1895 pere,
1019 1859 1073 1886 sed
1096 1856 1212 1885 fraudis
1235 1855 1467 1886 convincuntur.
1483 1860 1581 1895 1051,

914 1902 964 1930 13.

869 1943 988 1972 Glauco
1005 1941 1221 1981 psephismatis
1237 1945 1370 1979 rogator,
1388 1952 1447 1980 quo
1465 1943 1581 1982 legatio

913 1986 949 2015 ad
974 1985 1209 2023 Kersobleptam
1231 1984 1378 2013 mittenda
1395 1985 1582 2022 decernitur,

913 2039 981 2066 quae
1003 2029 1149 2057 Thracem
1174 2027 1212 2055 ad
1235 2036 1336 2065 aequas
1361 2027 1486 2057 soederis
1511 2039 1581 2058 cum

914 2071 951 2100 P.
964 2071 1001 2099 A.
1018 2071 1209 2099 conditiones
1225 2070 1374 2107 adigeret.
1391 2071 1465 2106 678,
1481 2073 1512 2102 3.

872 2114 1069 2149 Glaucothea,
1096 2117 1192 2142 mater
1225 2110 1393 2141 AEschiuis.
1423 2115 1497 2149 270,
1528 2116 1580 2144 24.

916 2158 988 2192 320,
1003 2158 1053 2186 15.

873 2199 1019 2234 Glaucus,
1036 2198 1171 2228 OEensis.
1188 2197 1284 2231 1051,
1299 2199 1351 2227 13.

873 2243 1020 2277 Glaucus,
1047 2241 1216 2280 Carystius,
1233 2239 1356 2276 athleta,
1368 2239 1466 2269 victor
1477 2241 1583 2280 Olym·

916 2286 1034 2323 piacus,
1058 2289 1146 2314 aetate
1167 2282 1386 2312 Demosthenis
1414 2285 1578 2316 vetustior.

914 2330 989 2362 331,
1003 2330 1033 2358 2.

874 2371 1046 2409 Gorgopas,
1055 2370 1219 2408 imperator
1233 2367 1441 2402 Lacedaem.‚a
1451 2369 1584 2400 Chabria

915 2413 947 2442 in
964 2413 1075 2451 AEgina
1089 2417 1255 2451 peremtus.
1269 2412 1343 2445 479,
1362 2411 1412 2439 26.

874 2457 986 2495 Gylon,
1003 2460 1155 2485 maternus
1170 2465 1246 2485 avus
1264 2453 1493 2485 Demosthenis.
1509 2456 1585 2494 836,

1207 2626 1251 2655 Η.

876 2713 1013 2746 Habron,
1030 2711 1136 2740 Buseli
1151 2710 1238 2739 filius.
1251 2708 1347 2744 1055,
1362 2710 1413 2739 26.

877 2754 1114 2792 Habronychus,
1131 2753 1303 2783 Aristotelis
1319 2752 1410 2788 filius,
1426 2753 1586 2785 Pallenen-

921 2797 973 2826 sis.
987 2797 1084 2829 1083,
1099 2799 1151 2826 21.

879 2840 1030 2877 Hagnias,
1047 2837 1182 2873 OEensis,
1198 2838 1305 2868 Buseli
1319 2839 1409 2868 filins.
1421 2840 1516 2874 1050,
1529 2849 1575 2878 sq.

880 2881 1018 2921 Hagnias
1038 2881 1152 2919 junior,
1172 2880 1254 2910 illius
1276 2892 1292 2911 e
1316 2882 1479 2911 Polemone
1495 2882 1588 2918 filius,

923 2935 1014 2965 super
1035 2925 1122 2963 cujus
1145 2923 1314 2955 hereditate
1335 2928 1476 2956 certatur.
1494 2926 1589 2959 1050,
