1822 3187
229 141 312 183 314

276 245 343 275 adis
359 244 448 279 filios,
469 245 507 274 ab
529 244 641 275 exsilio
664 250 835 280 revocatos,
853 247 933 276 Mes·

276 287 369 318 seniis
385 292 526 328 tyrannos
542 288 726 328 imponebat.
743 291 817 324 ⁴212,
834 291 885 320 26.

232 331 393 366 Metanira,
406 331 561 367 meretrix,
570 341 587 361 a
600 331 702 371 Lysia,
715 336 846 367 oratore,
856 342 936 361 ama·

275 381 316 403 ta.
332 375 425 410 1351,
438 376 489 405 24.

231 416 401 447 Micionem
423 417 646 447 Chollidensem
663 416 860 452 Theocrines,
873 427 890 447 a
905 427 937 446 se

275 461 313 490 de
342 460 422 490 furto
449 461 643 490 frumentario
661 464 848 496 accusatum,
878 470 938 490 aere

275 503 424 542 placatus,
439 503 578 533 dimittit.
598 504 690 538 13023,
708 505 759 533 12.

232 545 407 576 Micalionis
439 546 604 585 negotium,
642 547 679 575 ab
718 546 936 585 Aristophonte

274 590 390 628 periide
410 594 584 625 tractatum,
611 589 739 619 obscure
767 589 936 629 attingitur.

275 633 350 668 885,
365 636 416 663 10.

228 674 356 712 Midias,
386 674 604 715 Anagyrasius,
633 675 724 705 homo
753 675 853 710 dives,
882 675 937 705 sed

273 719 373 748 audax
386 724 417 749 et
431 718 608 754 sceleratus,
619 719 754 757 potentia
769 718 935 758 amicisque

271 761 379 792 fretus.
424 762 455 791 Is
472 762 683 796 Demostheni,
698 762 862 801 choregum
882 762 936 791 tri-

272 805 330 834 bus
345 815 407 834 suae
423 805 452 834 in
472 805 664 835 Liberalibus
680 805 792 844 agenti,
809 805 935 844 publico

273 847 303 877 in
319 848 388 878 loco
412 848 528 887 alapam
552 847 684 885 inflixit;
707 849 794 885 cujus
817 848 934 886 injuriae

271 900 354 920 reum
387 891 612 920 Demosthenes
643 891 707 929 egit
734 890 787 920 illu
822 891 936 920 celebri

271 934 407 963 oratione
423 943 439 962 a
455 944 487 972 p.
502 935 575 964 514.
603 934 641 963 ad
657 944 687 972 p.
703 934 778 964 587.
793 934 936 972 supposi-

271 976 359 1005 titius
388 975 570 1015 appellatur.
599 977 675 1011 563,
703 977 733 1007 5.
779 977 938 1006 accusavit

271 1024 410 1048 senatum
433 1019 528 1055 illum,
545 1018 595 1049 cui
611 1019 762 1050 Androtio
779 1020 937 1059 praemium

270 1061 395 1092 decerni
415 1062 553 1101 rogabat.
578 1064 653 1098 596,
678 1065 708 1093 8.
733 1063 850 1098 nescio,
874 1062 936 1092 hic-

270 1104 340 1135 cine
356 1105 407 1140 sit,
419 1115 455 1136 an
471 1106 559 1141 alius,
582 1115 615 1145 p.
628 1107 723 1142 1260,
739 1108 769 1137 3.
804 1116 937 1136 comme-

270 1154 418 1179 moratus.
472 1149 564 1185 Vide,
585 1159 656 1178 num
688 1160 726 1179 ex
750 1149 817 1190 ejus
835 1153 938 1185 aetate,

233 1208 236 1209 ν
270 1201 361 1230 quam
392 1192 615 1222 Demosthenes
650 1192 774 1228 indicat,
806 1193 937 1223 inveniri

270 1235 382 1274 possit,
412 1245 470 1274 quo
493 1245 569 1265 anno
594 1235 710 1266 sederit
733 1236 856 1266 Archon
883 1247 936 1266 ex-

270 1278 490 1308 traordinarius
506 1278 634 1315 Xenias‚
651 1289 710 1318 quo
724 1279 866 1308 honorem
882 1290 936 1318 ge-

269 1326 355 1350 rente
370 1321 486 1351 Midias
502 1322 690 1360 rogationem
707 1322 788 1358 tulit,
805 1326 839 1351 ut
856 1323 937 1352 Pho-

271 1363 352 1393 cioni
369 1365 480 1395 donum
493 1365 616 1403 publice
632 1365 859 1395 decerneretur.
874 1366 933 1395 for-

270 1406 349 1436 sitan
367 1409 406 1437 ob
425 1407 652 1446 expeditionem
672 1410 885 1443 Euboeensem,
906 1413 936 1439 ct

269 1459 400 1489 pugnam
424 1452 461 1480 ad
479 1452 640 1490 Tamynas.
686 1452 785 1488 Quam
801 1452 935 1490 rogatio—

269 1501 338 1522 nem
371 1493 549 1533 Hyperides
579 1494 700 1524 actione
734 1494 935 1533 impugnavit.

269 1546 301 1565 v.
326 1537 481 1567 Plutarch.
506 1536 539 1566 in
563 1537 737 1577 Hyperide,
762 1543 792 1568 et
814 1538 935 1568 Corsiui

270 1579 307 1608 F.
318 1581 354 1610 A.
371 1590 402 1618 p.
418 1581 491 1611 365.

228 1619 347 1652 Midius
370 1623 413 1663 (si
438 1623 514 1653 bene
529 1624 620 1653 habet
635 1623 729 1654 lectio
746 1621 853 1663 Μειδίᾳ).
881 1624 935 1654 sed

272 1665 395 1696 videtur
428 1667 533 1705 potius
568 1665 665 1706 Μειδίᾳ
701 1668 760 1707 leg.
792 1677 871 1702 esse,
902 1671 935 1697 nt

272 1709 477 1739 nominativus
502 1709 542 1739 sit
572 1710 715 1752 Midias),
745 1710 934 1750 Haguusius.

272 1754 367 1787 1052,
383 1755 413 1783 6.

227 1794 408 1833 Midylides„
426 1795 604 1825 Aristotelis
621 1796 713 1833 filius,
731 1796 934 1828 Pallenensis.

272 1840 367 1873 1083,
383 1841 433 1869 21.

228 1880 412 1919 Midylides,
425 1880 617 1920 Otrynensis,
632 1882 711 1911 filius
725 1883 937 1921 Euthymachi,

272 1924 362 1952 istius
378 1935 452 1953 avus
468 1929 629 1954 maternuS.
647 1926 742 1960 1083,
758 1928 788 1956 5.
805 1931 835 1955 et
853 1928 903 1956 18.

229 1966 381 1997 Miltiadis
417 1967 575 2007 frugalitas
612 1967 762 1998 laudatur.
799 1969 852 2003 35,
884 1971 936 1999 520.

271 2019 348 2048 quos
363 2010 492 2040 honores
504 2011 532 2040 ei
542 2010 626 2040 cives
637 2011 805 2041 habuerint.
816 2013 890 2048 686,
904 2014 934 2042 6.

227 2052 443 2093 Miltokythes,
458 2054 584 2093 regulus
599 2054 745 2090 Thraciae,
762 2064 778 2084 a
793 2054 902 2094 Cotye,
918 2066 936 2085 a

270 2106 331 2135 quo
346 2097 510 2132 defecerat,
527 2097 668 2132 vincitur,
684 2099 722 2127 ab
743 2098 936 2128 Atheniensi-

270 2140 328 2169 bus
343 2140 493 2169 desertus.
505 2142 579 2175 6:34,
595 2141 650 2170 ult.
668 2142 741 2176 658,
757 2143 808 2171 26.
826 2151 844 2170 a
855 2141 934 2171 Smi-

269 2181 418 2221 kythione
438 2183 578 2222 proditus
602 2183 795 2219 Charidemo,
823 2185 860 2213 ab
877 2185 935 2214 boc

270 2225 430 2255 Cardianis
455 2226 598 2261 traditus,
621 2227 853 2256 Atheniensium
878 2227 935 2257 ini-

269 2267 458 2304 micissimis,
485 2270 523 2299 ab
549 2269 607 2303 his,
630 2274 660 2299 ut
691 2270 933 2300 studiosissimus

268 2311 512 2347 Atheniensium,
550 2312 715 2342 crudeliter
756 2313 934 2344 interemtus

269 2359 328 2384 est.
358 2357 434 2391 676,
459 2357 511 2385 27.
561 2355 768 2395 Miltokythen
793 2366 810 2385 a
837 2357 934 2396 Cotye

269 2397 436 2433 defecisse,
461 2402 492 2427 et
508 2398 749 2428 Cherrlionesuin
765 2399 933 2429 Athenien-

269 2440 357 2470 sibus
381 2441 544 2477 detulisse,
570 2441 756 2480 significatur
786 2453 818 2481 p.
836 2444 933 2479 1207,

225 2525 353 2564 Milyas,
386 2537 403 2556 a
429 2531 515 2566 patre
540 2526 758 2556 Demosthenis
784 2528 932 2558 moriente

266 2569 480 2604 manumissus,
493 2570 526 2598 fit
541 2575 662 2599 curator
680 2570 855 2608 patrimonii
869 2571 932 2601 filio

266 2611 386 2651 pupillo
402 2612 511 2642 relicti.
525 2614 598 2647 819,
613 2615 663 2643 18.
679 2617 807 2651 propter
821 2619 930 2644 statum

266 2656 333 2693 ejus
350 2655 471 2686 civilem
487 2656 634 2694 Apliobus
644 2666 712 2685 cum
727 2657 931 2686 Demosthene

265 2697 386 2735 injure
415 2699 581 2733 contendit,
607 2699 765 2738 postulans
786 2709 867 2735 eum,
898 2704 932 2729 ut

266 2749 400 2777 servum,
414 2742 452 2770 ad
469 2745 630 2776 tormenta,
648 2742 855 2772 Demosthene
871 2746 930 2772 tra—

264 2783 351 2818 dere,
368 2788 401 2813 ut
417 2784 561 2821 liberum,
580 2790 749 2814 recusante.
766 2786 839 2815 844.
866 2789 932 2816 tota

266 2825 410 2856 oratione.

221 2867 374 2898 Minervae
411 2869 517 2908 ingens
548 2869 742 2899 simulacrum
769 2870 868 2900 stabat
897 2870 928 2900 in

261 2920 344 2946 arce,
382 2911 418 2940 ab
453 2912 593 2942 universa
626 2913 746 2942 Graecia
771 2913 929 2953 praemium

261 2953 499 2985 Atheniensibus
528 2956 632 2986 datum
657 2966 757 2996 operae
787 2955 816 2986 in
846 2956 929 2987 bello

657 137 851 180 INDEX
885 135 1249 179 HISTORICUS

1014 245 1162 276 adversus
1185 246 1315 276 Xerxen
1332 249 1363 275 et
1379 245 1568 276 Mardonium
1583 257 1674 277 nava·

1015 293 1063 318 tae.
1080 290 1154 323 428,
1171 290 1221 319 15.
1241 288 1372 318 v.indic.
1387 289 1485 318 Graec.
1502 299 1530 318 v.
1542 288 1651 320 Ἀθηνᾶ.

971 331 1087 365 Minos,
1103 341 1157 360 rex
1179 332 1290 367 Cretae,
1302 331 1433 371 justitiae
1450 331 1538 362 laude
1554 332 1675 362 claruit.

1015 376 1088 409 269,
1108 376 1158 403 18.

971 417 1216 455 Mitylenaeorum
1243 427 1358 446 summa
1378 420 1546 458 potestasa
1560 417 1674 458 populo

1014 460 1052 489 ad
1065 460 1226 498 optimates
1240 461 1359 489 transit.
1375 462 1447 494 168,
1458 461 1508 491 15.

972 503 1083 542 Mitys,
1098 503 1242 541 Argivus,
1252 513 1270 532 a
1280 514 1338 542 quo
1352 503 1500 532 Chabrias
1510 502 1672 542 quadrigas

1013 546 1098 581 emit,
1113 547 1222 585 quibus
1240 546 1353 586 Pythia
1368 546 1452 575 vicit.
1470 547 1566 581 1356,
1577 546 1610 576 ¹7.

972 589 1128 625 Mnaseas,
1144 589 1290 628 Argivus,
1306 589 1454 628 proditor.
1470 591 1543 625 324,
1562 591 1614 619 10.

973 632 1215 662 Mnesarehides.
1230 634 1327 667 1332,
1346 634 1396 662 14.

971 675 1216 712 Mnesarchffles,
1226 675 1316 705 homo
1326 675 1426 710 dives,
1439 675 1543 705 studet
1555 674 1673 706 Midiae.

1014 720 1090 754 581,
1108 721 1158 748 14.

970 761 1174 798 Mnesibulns‚
1203 761 1338 796 κηδεστὴς
1359 760 1560 801 Theopbemi.
1581 760 1677 797 1155,

970 848 1176 883 Mnesibulns‚
1198 847 1416 883 Acharnensis,
1441 848 1601 886 peculatus
1619 847 1673 876 da-

1012 895 1143 926 mnatus,
1155 894 1187 919 et
1201 891 1232 920 in
1247 900 1398 920 carcerem
1413 890 1515 926 datus,
1525 890 1598 921 inde
1609 900 1675 920 rur-

1014 943 1066 963 sus
1093 933 1267 963 dimittitur.
1293 935 1388 968 1480,
1412 937 1463 965 13.
1487 938 1519 963 et
1544 936 1597 965 26.
1620 931 1675 963 ubi

1014 976 1155 1006 laudatur
1168 980 1201 1006 ut
1217 978 1304 1006 homo
1319 976 1409 1015 frugi.

970 1019 1150 1057 Mnesicles,
1178 1024 1267 1050 notus
1306 1019 1437 1050 Athenis
1461 1019 1673 1059 sycophanta.

1017 1065 1094 1098 995,
1111 1066 1142 1094 8.

971 1106 1151 1143 Mmsicles,
1168 1104 1368 1145 Colyttensis,
1384 1116 1476 1136 causa
1497 1107 1564 1144 ejus
1580 1115 1676 1145 pecu-

1013 1150 1109 1180 niaria
1120 1160 1189 1179 cum
1202 1150 1324 1189 Evergo
1346 1154 1377 1179 et
1394 1150 1579 1179 Pantaeneto.
1600 1151 1674 1184 967,

1016 1195 1068 1223 20.

971 1235 1192 1270 Mnesilochus,
1207 1236 1520 1271 Peritho··'des.1219,
1537 1237 1590 1266 20.

971 1279 1193 1315 Mnesimacha,
1202 1278 1331 1318 Lysippi
1344 1279 1500 1308 Crioensis
1513 1278 1585 1314 filia,
1595 1288 1675 1308 uxor

1014 1323 1188 1360 Midylidis,
1214 1322 1267 1351 filii
1280 1322 1492 1361 Euthymachi.
1510 1323 1604 1358 1083,
1621 1325 1672 1351 11.

970 1365 1188 1404 Mnesipliilus,
1205 1366 1327 1395 Archon
1350 1371 1425 1401 tum,
1451 1375 1542 1404 quum
1561 1366 1673 1394 Demo-

1014 1409 1136 1439 sthenes
1153 1408 1341 1447 rogationem
1351 1408 1442 1438 ferret
1454 1409 1492 1438 de
1509 1408 1672 1438 sancienda

1010 1462 1086 1490 pace
1097 1462 1163 1481 cum
1180 1451 1325 1490 Philippo
1335 1452 1506 1488 facta-235,
1521 1454 1552 1482 2.
1567 1451 1671 1481 aliam-

1012 1505 1070 1533 que
1093 1505 1161 1524 cum
1186 1495 1280 1524 ferret
1305 1494 1519 1530 Callisthenes,
1540 1494 1578 1523 de
1596 1495 1669 1523 urbe

1012 1538 1136 1574 tuenda,
1168 1538 1208 1567 ob
1231 1537 1415 1576 repentinam
1437 1537 1570 1577 Philippi
1594 1537 1672 1567 irru-

1012 1581 1147 1619 ptionem
1164 1581 1193 1610 in
1212 1581 1357 1610 Phocida.
1369 1581 1445 1617 238,
1458 1583 1488 1610 2.
1505 1591 1536 1610 v.
1549 1580 1671 1610 Corsiui

1010 1624 1048 1653 F.
1062 1624 1099 1654 A.
1116 1625 1145 1653 Ι.
1158 1634 1190 1663 p.
1206 1625 1279 1654 3:30.

968 1667 1160 1696 Mnesitheus
1176 1665 1379 1706 Alopekeusis
1401 1666 1602 1697 Demostheni
1618 1666 1671 1697 ad-

1011 1720 1119 1739 versus
1134 1710 1263 1739 Midium
1280 1714 1419 1740 testatur.
1435 1710 1510 1745 541,
1522 1712 1552 1739 7.

968 1753 1173 1783 Mnesithides
1185 1753 1305 1783 Archon
1321 1758 1386 1783 erat
1408 1758 1483 1788 tum,
1508 1763 1601 1792 quum
1617 1752 1674 1783 AE-

1011 1796 1130 1826 schines
1159 1796 1278 1826 nomine
1303 1797 1350 1826 sui
1377 1796 1485 1835 populi
1512 1796 1671 1836 Pylagorae

1011 1843 1114 1878 partes
1127 1844 1242 1878 ageret,
1253 1844 1283 1868 et
1300 1839 1462 1879 Philippus
1474 1840 1513 1868 ab
1527 1839 1672 1878 Amphic-

1012 1882 1155 1921 tyonibus
1175 1883 1239 1911 dux
1264 1882 1336 1911 belli
1359 1883 1506 1911 adversus
1527 1882 1672 1921 Amphis-

1012 1935 1114 1955 senses
1124 1933 1356 1964 nuncuparetur.
1366 1927 1404 1956 527
1410 1927 1440 1960 9,
1448 1927 1499 1955 17.
1508 1935 1537 1955 v.
1548 1924 1669 1955 Corsini

1011 1968 1044 1997 F.
1063 1969 1100 1997 A.
1114 1972 1136 1996 t.
1153 1969 1179 1998 1.
1196 1978 1226 2007 p.
1243 1969 1317 1998 356.

969 2010 1182 2046 Mnesithides,
1194 2010 1384 2050 Antiphanis,
1393 2011 1667 2047 Phrearrhins,una

1010 2064 1077 2083 cum
1116 2054 1320 2083 Demosthene
1348 2054 1378 2083 in
1407 2054 1517 2093 legatis
1545 2053 1603 2084 fuit
1627 2054 1666 2084 ad

1009 2097 1179 2132 Thebanos,
1216 2097 1340 2126 foederis
1364 2107 1438 2135 ergo
1468 2096 1669 2128 contrahendi

1014 2141 1164 2169 adversus
1182 2140 1370 2179 Philippum.
1381 2142 1455 2174 291,
1467 2142 1498 2170 6.

967 2182 1134 2212 Moeriades
1156 2183 1192 2212 ab
1214 2183 1345 2222 Aphobo
1367 2182 1524 2222 pecuniam
1557 2181 1672 2222 accipit

1010 2231 1128 2260 mutuo,
1145 2226 1253 2262 servis,
1270 2226 1321 2264 qui
1344 2225 1560 2256 Demosthenis
1573 2231 1670 2262 eraut,

1010 2268 1039 2297 in
1053 2269 1164 2308 pignus
1173 2269 1333 2308 oppositis.
1350 2271 1423 2304 822,
1435 2272 1465 2300 ‘2-

967 2312 1132 2342 Moerocles
1157 2312 1286 2352 [passim
1308 2312 1443 2342 locorum
1459 2310 1567 2341 vitiosa
1592 2310 1668 2341 scri-

1009 2360 1100 2394 ptura
1118 2355 1273 2394 Myrocles
1290 2355 1454 2395 reperitur]
1483 2354 1669 2393 rogationem

1010 2397 1095 2427 deiis
1104 2398 1186 2434 tulit,
1196 2398 1247 2437 qui
1258 2400 1462 2437 negotiatores
1472 2401 1628 2432 vexarent,
1638 2401 1669 2427 et

1009 2441 1048 2470 de
1062 2441 1159 2470 classe
1174 2441 1280 2471 Attica
1295 2451 1363 2471 cum
1376 2441 1528 2470 sociorum
1544 2441 1671 2478 conjun-

1009 2484 1121 2522 genda,
1135 2494 1196 2524 quo
1211 2494 1292 2514 mare
1316 2494 1334 2513 a
1352 2483 1460 2523 piratis
1476 2487 1669 2522 purgaretur.

1010 2529 1106 2562 1339,
1118 2530 1147 2557 1.
1165 2531 1195 2556 et
1211 2529 1263 2557 2⁰2.
1277 2537 1306 2555 v.
1318 2528 1441 2556 Barton.
1459 2526 1495 2556 ad
1514 2526 1668 2556 Plutarchi

1010 2570 1245 2599 Demosthenem
1263 2569 1286 2608 §.
1300 2568 1347 2606 ιγ’.
1362 2569 1476 2599 liberos
1492 2568 1624 2608 Lycurgi
1637 2569 1669 2599 in

1009 2612 1134 2642 vincula
1150 2612 1247 2642 dedit.
1266 2614 1424 2646 1478,15.
1447 2612 1514 2652 ipse
1528 2622 1595 2642 eum
1611 2622 1665 2642 an-

1007 2658 1055 2684 tea
1067 2665 1165 2685 nexus
1175 2655 1291 2684 fuisset.
1305 2657 1399 2691 1478,
1411 2657 1461 2686 19.
1488 2655 1666 2686 Plutarchus

1006 2697 1028 2726 l.
1045 2709 1071 2727 c.
1091 2698 1240 2737 perbibet,
1264 2708 1332 2728 eum
1357 2698 1533 2728 Callistrato
1552 2698 1584 2727 in
1600 2707 1667 2738 rep.

1008 2741 1141 2779 gerenda
1159 2741 1253 2771 fuisse
1275 2741 1479 2771 adversatum.
1505 2741 1587 2781 quod
1616 2745 1669 2771 aut

1007 2783 1045 2813 de
1066 2784 1126 2813 alio
1142 2784 1284 2823 quopiam
1301 2785 1458 2820 Moerocle,
1469 2794 1528 2813 non
1543 2784 1582 2814 de
1597 2783 1667 2820 hoc,

1006 2825 1065 2855 erit
1091 2827 1313 2866 accipiendum,
1337 2831 1389 2856 aut
1417 2826 1523 2857 vitium
1552 2825 1612 2856 erit
1632 2826 1666 2856 in

1004 2869 1124 2899 nomine
1137 2870 1317 2905 callistrati,
1333 2873 1384 2899 aut
1399 2869 1479 2899 hunc
1489 2868 1669 2899 Moeroolem

1005 2921 1131 2943 necesse
1170 2913 1230 2944 erit
1260 2912 1422 2943 admodum
1448 2912 1598 2954 juvenum
1627 2912 1667 2942 ad

1006 2965 1102 2996 remp.
1124 2955 1306 2994 accessisse,
1326 2959 1358 2987 et
1381 2955 1576 2996 grandaevum
1598 2963 1667 2985 esse
