1822 3187
268 160 477 202 AETATE
510 159 816 203 DEMOSTH.
851 158 1197 200 GESTARUM.
1400 159 1483 201 345

316 265 430 304 lippica
445 270 543 295 sexta.
588 265 746 304 Philippus

316 308 397 338 bello
418 307 569 338 Phocensi
588 308 675 337 finem
692 308 746 337 im·
779 308 839 339 CX

315 350 413 388 ponit,
445 356 476 380 et
513 350 543 380 in
585 350 746 389 collegium

315 393 603 432 Amphictyonicum
624 398 746 432 coopta-

316 440 375 465 tur.

168 478 189 506 4
209 478 252 507 37
617 490 620 493 ⁴

41 519 120 549 CIX
164 523 182 548 1
205 521 247 552 38
269 520 405 559 Septima
416 519 678 559 Philippicadicta
688 525 746 555 est,

321 563 410 592 hodie
428 564 568 592 secunda.

274 605 429 644 Illyricum
460 606 600 635 'devastat
628 605 745 644 Philip-

318 658 389 687 pus,
399 647 562 677 Thessalos
572 648 631 677 sibi
645 647 745 677 divin-

317 692 369 721 cit.

170 736 189 763 2
212 735 254 763 :39
277 734 395 763 Octava
418 731 603 771 Philippica,
628 744 679 763 seu
706 733 744 762 de

318 776 504 810 Halonneso,
522 780 552 804 et
575 775 604 804 in
621 775 746 805 AEsehi-

314 828 382 847 nem
398 818 434 846 de
451 817 526 847 falsa
539 818 704 856 legatione.

274 861 437 900 Philippus
448 861 581 890 Thracas
598 862 723 901 subigit.

274 903 505 933 Atheniensium
530 904 688 942 expeditio
714 905 744 934 in

316 946 527 976 Acarnaniam.

167 991 188 1018 3
210 991 252 1019 40
274 990 365 1019 Nona
373 988 558 1027 Philippica,
573 998 627 1018 seu
642 989 680 1018 de
695 999 743 1018 re-

317 1033 373 1061 bus
386 1031 600 1066 Cherrhonesi,
616 1037 647 1061 et
661 1031 745 1061 deci-

316 1084 376 1109 ma,
390 1074 482 1113 vulgo
497 1073 595 1104 tertia.

275 1116 439 1156 Philippus
451 1117 553 1146 studet
565 1127 669 1156 pacem
682 1120 744 1146 tur-

315 1161 400 1195 bare,
423 1159 565 1199 belloque
593 1159 678 1198 prior
700 1159 744 1188 la-

315 1212 448 1232 cessere.

274 1245 443 1274 Menander
459 1243 606 1279 comicus,
627 1249 659 1274 et
673 1243 746 1284 Epi-

316 1298 408 1317 curus
420 1287 618 1327 philosophus
630 1287 703 1316 nati.

275 1330 428 1359 Isocrates
439 1330 691 1360 Panathenaicam
701 1340 747 1359 re-

317 1372 435 1402 citavit.

169 1419 191 1446 4
212 1417 252 1445 41
274 1415 445 1445 Undecima
458 1414 641 1454 Philippica,
653 1415 746 1453 vulgo

319 1463 434 1497 quarta.

275 1501 443 1540 Philippus
467 1500 643 1530 Perinthum
667 1501 747 1530 obsi·

318 1544 383 1578 det,
415 1547 504 1582 atque
534 1543 746 1582 Selymbriam,

318 1586 369 1616 ubi
395 1596 489 1615 naves
515 1586 626 1616 Athen.
654 1586 747 1625 cepit,

319 1639 393 1667 quas
418 1629 579 1668 repetitum
596 1629 689 1658 missa
705 1630 746 1657 le-

1057 263 1137 302 gatio
1152 264 1262 294 frustra
1275 263 1344 294 fuit.

907 309 924 336 1
948 309 988 338 42
1012 305 1486 346 DuodecimnPhilippica,vulg0

1058 349 1094 378 ad
1112 349 1246 389 Philippi
1268 350 1438 388 epistolam.
1454 361 1484 389 p.

1058 393 1130 421 152.

1013 434 1190 463 Perinthum
1218 434 1298 473 capit
1322 434 1485 474 Philippus

1057 481 1088 506 et
1100 476 1278 514 Byzantium
1288 477 1419 506 obsidet.
1433 487 1485 506 ve-

1054 530 1121 548 rum
1143 519 1251 548 Athen.
1273 518 1487 549 intercedenti-

1056 563 1113 591 bus
1124 561 1217 591 solvit
1225 561 1425 596 obsidionem,
1435 572 1488 600 pa-

1056 615 1183 643 cemque
1194 615 1261 634 cum
1270 605 1356 635 Urbe
1366 603 1486 634 tertiam

1056 647 1223 686 componit.

908 692 928 720 ‘2
950 692 992 721 43
1015 689 1178 729 Philippus
1195 700 1250 728 per
1265 689 1486 729 Thermopylas

1056 732 1223 771 ingressus,
1238 732 1374 761 Elateam
1396 742 1487 762 occu-

1056 779 1117 813 pat.
1139 774 1265 804 forsitan
1280 774 1310 803 in
1326 775 1412 804 exitu
1433 775 1489 804 hu-

1051 819 1102 856 jus
1125 817 1206 847 anni.
1228 827 1295 846 nam
1317 817 1368 846 alii
1390 818 1428 847 ad
1444 817 1488 846 in-

1056 864 1232 898 sequentem
1247 859 1392 890 referunt.

907 907 927 934 3
949 907 992 935 44
1015 903 1239 932 Demosthenes
1264 902 1392 932 Athenis
1413 913 1487 933 moe-

1056 945 1104 974 nia
1119 945 1227 980 reficit,
1245 949 1276 974 et
1295 949 1402 984 rogatu
1415 946 1487 977 cte-

1055 988 1207 1026 siphontis
1219 993 1392 1018 coronatur.

1012 1031 1159 1060 Proelium
1172 1031 1208 1060 ad
1225 1031 1432 1061 Chaeroneam.

1013 1073 1119 1103 Oratio
1137 1073 1281 1103 funebris.

1012 1117 1102 1146 Actio
1124 1127 1179 1155 pro
1195 1126 1306 1146 corona
1327 1120 1439 1156 coepta,
1455 1127 1488 1146 o-

1055 1163 1147 1188 ctavo
1171 1160 1292 1189 demum
1315 1169 1392 1189 anno
1416 1164 1488 1198 post

1059 1202 1153 1231 finita.

1012 1244 1153 1282 Lysicles
1175 1244 1286 1274 Athen.
1306 1245 1343 1274 ad
1366 1246 1489 1275 Chaero-

1059 1297 1143 1316 neam
1175 1287 1296 1326 imper..
1325 1291 1487 1318 accusante

1059 1330 1210 1368 Lycurgo,
1232 1329 1341 1368 capitis
1365 1331 1488 1361 damna-

1059 1378 1117 1401 tur.

1017 1414 1181 1454 Philippus
1195 1425 1229 1444 ea
1244 1414 1372 1445 victoria
1384 1414 1489 1444 mode-

1060 1462 1122 1486 rate
1154 1468 1239 1491 usus,
1267 1458 1428 1487 amicitiam
1458 1461 1489 1486 et

1059 1500 1236 1530 societatem
1246 1510 1312 1530 curn
1321 1501 1432 1530 Athen.
1440 1511 1489 1529 re-

1059 1547 1162 1577 novat,
1182 1544 1386 1582 praesidioque
1406 1542 1488 1572 The-

1060 1586 1105 1614 bis
1118 1585 1273 1624 imposito,
1288 1586 1403 1616 Boeotis
1414 1595 1488 1624 quo·

1060 1638 1120 1667 que
1135 1639 1241 1668 pacem
1258 1628 1418 1659 concessit.

664 1997 857 2027 INDJCUM

439 2089 667 2127 OPERUM
700 2091 1091 2130 DEMOSTHENIS

686 2194 838 2228 FINIS.
