1910 3187
607 159 693 201 AD
727 150 1218 200 DEMOSTHENEM.

173 273 249 306 304,
280 274 310 302 4.
350 271 468 311 ψήφους.
515 272 564 302 An
595 274 659 302 haec
689 270 844 310 cogitabat

131 312 253 344 Auctor
270 314 371 355 Epist.
388 318 419 346 3.
435 326 466 356 p.
486 318 580 349 1477,
598 315 656 345 28?

174 358 249 392 304,
267 359 319 388 26.
344 359 424 388 Dele
443 357 509 398 πρὸς
523 359 602 398 ὑμᾶς
617 367 685 386 eum
704 367 758 386 ms.
775 357 804 386 S.

173 401 250 436 306,
278 402 308 431 2.
347 401 507 442 Suspicor,
541 399 748 439 Βουλευόμενος,
783 397 842 428 οὐδὲ

128 445 240 481 γραφὰς
266 450 298 481 φ.
325 444 500 485 παρανόμων,
525 441 579 472 οὔδ’
598 443 649 472 ὑπ.
672 442 761 473 οὐδενί.
787 441 842 479 ἐγὼ

128 484 207 515 δ’-.
240 486 358 516 Caetera
380 487 494 516 intrusa
510 491 597 526 puto,
613 487 714 515 forsan
731 486 838 524 partim

127 537 168 557 ex
191 529 316 568 Olynth.
342 529 369 559 I.
391 539 423 570 p.
445 532 496 564 10,
520 532 571 558 10.
593 534 624 559 et
645 528 712 559 111.
737 539 767 567 p.
788 530 840 564 36,

171 615 245 647 307,
269 618 297 644 1.
332 613 467 653 Disting.
495 624 598 654 margo
624 614 667 647 S.‚
684 613 841 651 λέγεις-ς-

129 655 280 696 πράττεινς

171 699 245 733 308,
263 701 314 728 14.
338 699 436 728 Recte
449 710 508 729 om.
525 710 578 728 ms.
597 701 629 729 S.
648 700 747 739 πρώην.
771 708 839 727 nam

130 741 188 770 hoc
203 741 410 771 admonuisset
427 742 526 772 ultimi
539 753 640 778 casus,
654 753 745 782 quum
758 742 838 771 'rhe-

127 784 179 812 bas
193 783 276 821 cepit
293 784 381 814 Alex.

167 827 242 862 308,
260 829 310 857 ⁶25.
331 826 374 868 [ὁ]
393 827 490 868 ῥήτωρ.
508 828 566 857 Sed
587 828 656 857 vide
672 830 746 862 291,
764 830 815 858 16.

169 870 243 904 309,
266 873 295 899 1.
324 870 446 906 Malim,
471 871 490 900 ἃ
515 872 653 900 πολιτικοὶ
678 871 840 910 ’ωξόα-εστιν

126 910 221 940 ἅπασι
238 913 381 943 naz—vet
399 914 464 942 sine
481 914 589 944 ἅπασι.
614 914 742 944 Sensum
762 913 839 945 vidit

127 954 283 985 Reiskius.
307 956 386 992 Nos,
402 956 536 986 inherent
548 956 663 997 defeces-

168 999 243 1033 310,
261 999 291 1028 5.
318 1000 396 1029 Dele
410 998 509 1030 ταῦτ’.

167 1041 246 1075 311,
263 1044 315 1071 10.
338 1042 447 1071 Totum
461 1043 540 1072 hunc
552 1042 650 1072 locum
666 1043 703 1072 de
720 1043 839 1072 fortuna

125 1085 329 1114 contrectavit
352 1090 459 1114 auctor
476 1086 575 1123 Epist.
594 1086 651 1115 1V.
684 1086 838 1116 AEschinis

128 1126 197 1155 loca
214 1132 281 1156 sunt
297 1137 328 1166 p.
342 1129 394 1162 69,
409 1129 462 1158 36.
486 1130 538 1163 76,
553 1131 582 1159 8.
603 1131 657 1163 71,
671 1131 701 1159 2.
719 1130 771 1164 61,
785 1130 837 1159 38.

168 1170 244 1204 313,
264 1172 294 1200 2.
319 1170 436 1205 Malim,
457 1169 506 1200 ὑπ’
521 1170 551 1200 ἄ.
574 1173 687 1201 πολλῶν
709 1181 745 1200 π.
771 1172 837 1200 sine

125 1209 270 1242 Ἑλλήνων.

168 1255 245 1289 313,
264 1256 312 1284 18.
337 1253 416 1295 [καῖ]
432 1254 557 1285 κελεύων.
581 1255 682 1285 Recte
697 1265 752 1285 ms.
771 1255 804 1284 S.

168 1298 244 1332 314,
257 1299 288 1326 7.
312 1297 422 1327 Reisk.
437 1299 506 1328 Iud.
522 1297 620 1339 ἇξχιδ.

166 1339 242 1375 314,
259 1342 290 1370 8.
312 1343 484 1380 κατηγορεῖς.
507 1340 556 1371 An
573 1340 774 1382 impudicitiae
786 1351 837 1370 ac-

125 1385 223 1417 cusat,
253 1383 290 1412 ad
321 1383 515 1413 Timarchum
548 1384 614 1413 scil.
643 1384 813 1423 respiciens
829 1383 838 1412 ?

124 1424 208 1455 Vide
225 1425 262 1456 F.
280 1425 356 1465 Leg.
373 1437 404 1466 p.
421 1429 496 1463 403,
513 1429 652 1457 19-27.
685 1430 836 1457 Caeterum

124 1467 167 1497 nil
187 1467 238 1497 bic
259 1470 536 1509 transponendum,
568 1470 640 1500 vide
662 1471 697 1501 F.
721 1470 756 1500 L.
780 1471 836 1499 loc.

123 1510 178 1540 cit.

168 1555 244 1589 314,
260 1555 313 1585 25.
336 1556 418 1592 λαγὼ
431 1554 497 1588 Βίον.
522 1556 664 1594 Respicit
676 1556 725 1586 Io.
739 1555 836 1595 Chry-

125 1601 200 1626 sost.
218 1596 248 1626 in
265 1598 391 1637 Eutrop.
409 1609 441 1637 p.
457 1601 531 1629 354.
548 1599 597 1627 ed.
616 1601 730 1638 Anger.

167 1641 243 1675 315,
261 1643 313 1670 11.
338 1641 445 1670 Reisk.
464 1642 535 1671 Ind.
552 1640 666 1683 ἐχθρός.

168 1684 243 1718 315,
260 1685 313 1713 21.
337 1683 386 1712 Ad
404 1686 479 1718 793,
499 1686 547 1714 16.

169 1726 244 1760 317,
261 1726 291 1755 5.
315 1726 363 1755 Ad
382 1729 458 1762 293,
471 1729 524 1757 25.

166 1769 243 1804 317,
269 1771 321 1799 10.
355 1770 494 1799 Delenda
521 1769 674 1809 suspicor,
700 1770 780 1799 ἀλλὰ
796 1788 838 1792 -

126 1809 249 1843 Βέλτιον.
266 1817 349 1841 certe
364 1812 412 1841 καὶ
427 1813 470 1851 τῷ
483 1824 521 1852 μ.
537 1812 560 1842 ἔ.
577 1824 598 1842 ε,
616 1811 738 1845 Βέλτιον.

167 1855 242 1890 317,
257 1856 309 1884 23.
333 1854 471 1895 νομίμοις.
488 1866 537 1894 qu.
554 1865 590 1884 an
607 1856 694 1886 deest
711 1856 839 1895 aliquid,

125 1897 207 1934 qnod
231 1903 402 1936 opponatur
425 1898 633 1937 sequentibus.
658 1905 707 1929 ποι
730 1899 839 1938 merely

125 1939 157 1968 in
183 1939 294 1969 human
318 1942 499 1971 institutions
523 1942 584 1970 and
610 1942 679 1971 Iuws
704 1942 754 1971 bnt
779 1947 837 1972 ete.

126 1981 239 2012 Confer
260 1994 291 2022 p.
307 1986 381 2019 264,
399 1987 449 2014 21.
482 1984 530 2013 Αη
553 1983 580 2013 ἐν
596 1986 657 2018 τοῖς
671 1985 839 2026 ἑκασταχοῦ

124 2023 358 2063 νομίμοις-νά
376 2027 479 2066 potius
494 2026 695 2067 νομιζομέν-σις,
709 2028 757 2057 vel
775 2039 838 2057 νενο-

125 2068 289 2107 μισ-μένοις.

167 2112 243 2145 317,
260 2114 311 2142 25.
333 2113 379 2142 Αη
395 2113 461 2142 haec
477 2113 625 2142 sententia
641 2113 712 2143 alibi
731 2124 839 2143 occur-

126 2151 167 2182 rit
182 2153 211 2182 in
227 2154 282 2183 hae
298 2156 452 2185 oratione?

169 2198 245 2231 318,
270 2199 299 2227 9.
333 2197 416 2227 Vide
441 2208 477 2226 an
504 2199 582 2228 sorte
606 2199 676 2228 hinc
703 2200 837 2229 colorem

126 2238 250 2269 duxerit
265 2239 376 2269 Cicero
398 2240 504 2269 Milon.
523 2243 553 2271 5.
576 2252 607 2280 p..
626 2244 699 2271 808.
730 2244 834 2273 Gra-v.

126 2285 147 2298 “
165 2282 241 2319 Quae
254 2283 376 2321 quidem
395 2283 420 2312 si
435 2284 573 2323 potentia
589 2283 671 2314 etc.'’
749 2289 751 2291 '

169 2327 245 2360 318,
271 2328 323 2355 27.
355 2324 418 2354 ἐστὶ
445 2326 507 2366 [τι]
535 2325 579 2365 τῷ
602 2326 694 2365 δήμῳ.
740 2327 838 2357 Recte

125 2367 235 2405 opinor
246 2368 420 2398 Bekkerus.
446 2369 527 2399 Vide
540 2379 613 2399 mss.
627 2371 664 2399 ad
678 2369 837 2409 Aristoph.

126 2410 184 2449 Eq.
207 2411 255 2440 vel
272 2411 371 2451 Vesp.
397 2412 514 2450 Supple
535 2411 568 2441 τὸ
593 2414 729 2452 πξῖιγμιι,
753 2413 800 2443 vel
827 2413 839 2443 ὅ

125 2453 210 2490 ἀγὼν,
226 2459 258 2483 ut
275 2455 421 2484 Cherson.
437 2465 468 2493 p.
488 2457 544 2490 98,
557 2458 674 2486 8—11.

135 2514 139 2519 -
169 2498 244 2531 319,
261 2499 291 2527 9.
317 2499 414 2527 πᾶσαν
437 2497 498 2538 ἔχει
520 2497 630 2528 κακίαν.
653 2509 713 2528 om.
729 2510 786 2529 ms.
804 2500 836 2529 S.

127 2536 176 2566 An
191 2539 326 2569 lacunam
343 2541 561 2579 expleverunt?
595 2543 685 2571 Certe
706 2552 764 2571 non
781 2543 838 2572 huc

129 2581 293 2611 trahendus
309 2583 475 2612 infinitivus
493 2585 689 2623 indignantis.

139 2643 142 2645 >
171 2625 244 2654 319.
265 2625 379 2655 Confer
395 2631 491 2656 totum
507 2627 606 2657 locum
630 2638 696 2656 cum
714 2637 747 2666 p.
763 2629 837 2658 268.

127 2664 240 2705 (φθόνων
254 2665 324 2698 δίκην
341 2671 413 2703 268,
429 2668 479 2705 4.)

169 2710 244 2744 319,
261 2713 311 2740 18.
336 2711 425 2750 ὁξμεῖ.
449 2712 564 2742 Eadem
587 2714 774 2752 metaphora,
792 2713 838 2743 id-

128 2761 187 2789 que
209 2752 424 2790 pulcherrime,
447 2756 542 2784 utitur
564 2755 727 2786 AEschines
754 2758 838 2786 Ctes-

127 2804 160 2832 p.
189 2796 241 2830 84,
271 2799 300 2826 4.
332 2796 383 2825 ubi
412 2802 494 2827 recte
522 2799 631 2828 Reisk.
659 2805 731 2838 post
757 2801 838 2841 Tay-

128 2838 237 2866 lorum.

170 2882 245 2916 319,
262 2882 313 2910 2²⁶2.
338 2880 639 2922 εἰθὺς-πρεσξευτῆς
654 2883 838 2925 {medon—a

122 2923 258 2953 ‘Omnino
274 2924 375 2953 confer
390 2925 424 2953 F.
447 2926 481 2954 t..

1537 149 1590 191 23

924 269 999 303 320,
1017 269 1067 297 23.
1092 266 1172 303 Quis
1188 267 1305 296 uexns'¹
1335 264 1499 296 Excidisse
1515 268 1590 303 puto

880 311 1028 349 quaedam.

921 354 996 388 320,
1012 352 1066 382 ult.
1091 352 1174 384 Vide
1195 362 1230 382 an
1254 352 1315 390 leg.
1337 351 1383 381 καὶ
1399 348 1592 390 παξελθόντος

876 394 978 425 nvem.
1008 395 1073 425 siue
1102 396 1151 425 σοῦ
1174 394 1276 424 καῖ-
1292 394 1373 424 Satis
1403 393 1499 433 liquet
1525 398 1587 422 tum

876 438 1025 477 temporis
1039 449 1098 468 nou
1114 443 1219 477 aperte
1237 448 1297 467 rem
1316 437 1449 476 gessisse
1465 435 1589 465 AEschi-

876 491 954 511 nem.
999 481 1124 511 Intrusa
1139 483 1178 511 ob
1195 481 1340 520 pluralem
1357 478 1589 518 κατηγοξούντων.

877 524 927 554 Nil
944 534 1034 565 opus,
1051 525 1120 554 vide
1137 535 1168 564 p.
1186 526 1261 558 332,
1279 527 1307 552 1.

917 570 992 603 321,
1014 569 1044 597 3.
1069 566 1110 597 ’ἐτ’
1128 567 1251 606 ἄμεινον.
1286 567 1511 605 Exspectarem
1533 573 1586 604 po-

874 610 935 639 tius
952 609 995 639 ἔτι
1011 612 1138 648 μᾶλλον,
1154 615 1187 639 ut
1201 609 1297 638 Wolf.
1311 614 1342 638 et
1360 608 1471 638 Markl.

916 654 993 687 322,
1016 657 1046 684 6.
1079 654 1158 683 Dele
1183 653 1232 682 καὶ
1255 653 1320 682 sire
1344 658 1412 681 ante
1435 651 1497 688 εἰγν.
1521 648 1587 680 sive

874 702 941 725 aute
955 695 1065 734 μιαξέν.

916 741 991 774 322,
1017 741 1069 769 19.
1101 737 1188 777 μηδὲν
1210 739 1350 777 &pag-reru
1371 736 1452 767 θεῶν.
1483 735 1588 775 Epist.

873 784 904 811 4.
923 792 952 821 p.
972 784 1067 816 1487,
1084 784 1135 812 25.
1163 783 1208 811 An
1226 782 1350 810 ductum
1373 791 1411 809 ex
1430 778 1587 809 Simonide

878 824 1026 857 Platonis,
1046 826 1168 863 Protag.
1186 835 1217 865 p.
1234 827 1308 854 544.
1342 825 1382 853 H.
1401 827 1445 852 St.
1468 820 1532 855 θεὸς
1552 820 1584 850 ἒιν

872 867 955 906 μένος
969 866 1048 896 τοῦτ’
1063 868 1124 908 ἔχοι
1144 866 1176 897 τὸ
1191 867 1294 907 γῆξαςῖ)
1328 868 1390 896 lmo
1418 876 1447 906 p.
1466 867 1538 896 341.
1555 869 1585 893 et

873 913 947 941 344.
974 911 1017 939 H.
1030 911 1197 941 St.=204.
1212 916 1242 939 et
1257 911 1329 941 215.
1355 909 1493 939 Bekker.

915 956 992 989 324,
1010 956 1059 984 23,
1084 953 1238 993 Magister
1259 964 1288 983 v.
1310 951 1382 982 πένει
1404 963 1419 981 e
1441 952 1531 980 Dem.
1549 961 1584 980 π.

873 999 950 1036 παρὰ
973 1006 1021 1035 vg.
1037 997 1123 1032 citat,
1144 996 1275 1036 ωςοῦτπιε
1299 995 1499 1026 τὴνἙλλάδα.
1533 993 1583 1022 Αη

873 1040 953 1074 hinc,
971 1045 1002 1068 ut
1019 1040 1137 1078 legatur
1151 1041 1200 1069 τήν
1214 1038 1392 1079 ἐλευθερίαν.)
1416 1038 1510 1068 Certe
1526 1036 1587 1065 huc

872 1082 1049 1112 referendus
1066 1082 1197 1113 Photius
1210 1082 1310 1122 (unde
1327 1081 1456 1121 Suidas)
1471 1090 1501 1109 v.
1519 1090 1584 1119 πςο-

871 1124 942 1155 πίνει
959 1135 1026 1154 eum
1042 1126 1178 1155 Kustero
1195 1131 1226 1154 et
1240 1125 1390 1155 Porsono.

915 1170 990 1202 324,
1006 1171 1058 1198 524.
1084 1168 1164 1197 Puto
1181 1168 1276 1197 verba
1292 1179 1340 1207 πρ.
1354 1180 1392 1206 μ.
1410 1172 1442 1195 Φ.
1459 1177 1480 1196 ν.
1497 1164 1525 1194 δὲ
1539 1162 1584 1193 Ἀ.

871 1211 1012 1246 delenda,
1040 1210 1090 1240 vel
1114 1210 1219 1249 potius
1246 1210 1295 1239 hic
1323 1209 1487 1245 servanda,
1514 1217 1585 1237 mox

871 1253 1016 1288 tollenda,
1033 1255 1107 1288 325,
1123 1255 1154 1282 7.

913 1298 989 1332 324,
1004 1298 1056 1326 25.
1079 1296 1186 1326 Reisk.
1202 1296 1270 1326 Ind.
1287 1292 1456 1334 εὖδαιμονία.

913 1341 989 1375 325,
1004 1341 1033 1369 6.
1059 1339 1169 1369 Reisk.
1188 1339 1255 1369 Ind.
1272 1339 1380 1380 ἄςχειν.

914 1385 989 1418 325,
1008 1385 1037 1412 8.
1063 1382 1144 1412 Hinc
1162 1383 1264 1422 Epist.
1282 1385 1312 1412 2.
1329 1393 1360 1421 p.
1377 1382 1473 1418 1468,
1488 1384 1585 1412 18.—

871 1426 980 1455 Reisk.
995 1425 1064 1454 Ind.
1079 1425 1182 1465 καιξὸς.

915 1470 990 1503 325,
1008 1471 1058 1499 13.
1087 1468 1134 1509 [ὥ.
1149 1469 1181 1498 ἂν
1195 1469 1218 1498 εἰ
1234 1467 1260 1498 ἐν
1273 1466 1408 1509 τρυτάνῃ]
1423 1469 1471 1498 Ex
1485 1478 1528 1498 or.
1546 1467 1584 1497 de

871 1512 953 1541 Pace
968 1512 1026 1540 huc
1041 1511 1168 1542 intrusa.

914 1555 990 1589 325,
1003 1557 1054 1585 25.
1070 1554 1174 1584 RIirus
1186 1553 1271 1589 ordo,
1281 1552 1366 1586 δ’τιτλσ.
1381 1575 1510 1583 ......
1525 1555 1587 1588 ναῦς

872 1601 929 1627 etc.
946 1597 1016 1627 istis
1029 1597 1107 1627 alius
1130 1596 1248 1636 generis
1268 1597 1448 1634 interjectis.
1464 1596 1532 1637 (hic
1547 1598 1586 1627 de

873 1639 1004 1679 Demeg.
1028 1652 1058 1680 p.
1074 1640 1147 1681 39.)
1172 1642 1285 1670 Locum
1305 1640 1395 1670 valde
1416 1640 1584 1680 interpola-

873 1687 935 1711 tum
963 1694 1031 1713 esse
1059 1685 1208 1722 suspicor.
1248 1682 1295 1712 An
1321 1683 1362 1713 ita
1387 1683 1586 1722 purgandus'l

872 1724 994 1759 πλίνθοις
1014 1724 1079 1764 ἐγώ.
1096 1725 1344 1764 ἄλλ’-εὑρήσεις
1369 1726 1586 1760 πόλεις-ναῧς

871 1768 918 1796 καὶ
936 1768 1052 1804 ἵππους.
1081 1770 1153 1808 Vel,
1171 1771 1291 1809 εὑςήσεις
1305 1768 1380 1798 ἕπλα
1393 1769 1442 1798 καὶ
1458 1770 1521 1803 ’ναῦς
1537 1768 1584 1798 καὶ

871 1810 987 1847 ἵππους,
1004 1813 1070 1842 sine
1086 1814 1220 1849 caeteris,
1233 1822 1302 1850 quae
1315 1823 1353 1842 ex
1369 1823 1400 1852 p.
1414 1814 1489 1842 326.
1504 1834 1511 1841 .
1532 1834 1540 1842 .
1553 1832 1561 1840 .
1578 1834 1585 1842 .

872 1855 1046 1885 adumbrari
1063 1861 1236 1893 potuerunt.
1258 1853 1330 1895 (οὐδ’
1345 1854 1392 1884 ἐπὶ
1406 1867 1436 1884 τ.
1449 1873 1490 1878 —
1503 1857 1587 1895 φρονῶ

873 1903 921 1926 est
944 1899 1040 1928 schol.
1055 1900 1090 1927 ad
1109 1900 1198 1941 πόῤῥω
1213 1906 1273 1929 etc.
1293 1898 1405 1927 omittit
1428 1898 1586 1928 Plutarch.

873 1942 952 1979 apud
968 1942 1091 1980 Taylor.
1109 1946 1162 1972 sed
1185 1942 1262 1973 δ’πλα
1285 1940 1453 1981 agnoscit.)
1485 1941 1586 1971 Mirus

873 1993 958 2022 aeqne
989 1985 1077 2019 ordo,
1109 1987 1230 2025 πάτξια,
1258 1984 1374 2021 ἀνεκτὰ,
1403 1983 1526 2022 ἔμφυτα.
1553 1995 1584 2023 p.

874 2028 948 2061 295,
961 2030 1011 2058 25.
1036 2028 1084 2058 An
1102 2029 1162 2058 del.
1179 2027 1321 2068 ἔμφυτοι.>
1338 2028 1387 2058 De
1405 2026 1500 2061 πόλεις
1515 2027 1585 2057 vide

874 2070 911 2098 ad
929 2070 1112 2101 Lesbonact.
1130 2072 1193 2101 HI.
1212 2075 1260 2102 13.

916 2115 991 2147 326,
1006 2117 1057 2143 24.
1075 2114 1142 2144 Nisi
1160 2116 1249 2144 rariae
1262 2114 1334 2142 lect.
1347 2118 1417 2142 sunt
1429 2113 1584 2153 παςεθέντα

874 2160 902 2184 et
918 2156 1075 2195 πξοεθέντα,
1091 2158 1160 2187 vide
1173 2169 1208 2188 an
1222 2158 1282 2195 leg.
1296 2155 1452 2196 πξαθὲντα.
1470 2162 1499 2187 et
1513 2168 1585 2187 con-

872 2198 919 2227 fer
939 2200 1016 2229 Phil.
1033 2201 1096 2231 Ill.
1115 2213 1143 2240 p.
1161 2204 1236 2235 121,
1253 2203 1282 2229 2-

915 2244 990 2278 326,
1014 2244 1066 2274 27.
1096 2244 1196 2275 Valde
1218 2242 1375 2274 blanditur
1396 2241 1514 2272 Reiskii
1536 2253 1587 2272 su-

873 2284 969 2324 spicio
985 2287 1140 2317 excidisse
1156 2286 1250 2327 φθόνος
1264 2290 1314 2316 aut
1331 2285 1430 2314 simile
1447 2286 1586 2321 verbum,

873 2332 945 2365 puta
975 2328 1129 2367 δυσμένεια
1156 2330 1204 2359 vel
1229 2328 1422 2367 ἀγνωμοσύνη.
1478 2328 1586 2366 Neque

874 2370 1001 2400 multum
1018 2373 1119 2410 placet
1135 2373 1222 2414 ἰσχὺς
1241 2371 1374 2413 (Markl.
1393 2371 1428 2399 ad
1447 2371 1584 2400 AEsehin.

873 2423 904 2451 p.
919 2415 992 2444 691.
1010 2415 1058 2444 ed.
1077 2415 1216 2455 Reisk.)‚
1239 2415 1320 2454 quod
1341 2413 1416 2454 (nisi
1442 2414 1519 2442 sorte
1536 2423 1587 2442 na-

873 2460 935 2484 tum
964 2457 1003 2486 sit
1028 2468 1066 2487 ex
1091 2457 1199 2499 τύχης)
1226 2458 1325 2487 forsan
1353 2467 1370 2486 e
1397 2456 1587 2496 grammatici

873 2500 1047 2537 conjectura
1064 2501 1162 2536 fluxit,
1185 2502 1223 2530 ad
1240 2502 1376 2530 lacunam
1391 2500 1587 2539 explendam.

876 2541 936 2576 An,
956 2543 977 2572 εἰ
998 2542 1026 2573 δὲ
1048 2544 1184 2584 δαιμόνων
1203 2544 1274 2577 τινὲς
1289 2543 1302 2574 ἢ
1320 2542 1411 2583 τύχης
1424 2541 1516 2581 φθόνος
1530 2560 1583 2573 —·

873 2584 945 2614 ἓεὶν
974 2585 1045 2620 ’τινὲς
1067 2597 1099 2625 p.
1123 2590 1196 2621 278,
1221 2591 1273 2616 11.
1295 2586 1416 2623 δαίμων,
1446 2585 1522 2626 τύχη
1551 2596 1583 2625 p.

874 2630 949 2664 297,
965 2631 1018 2659 20.
1041 2631 1150 2660 AEsch.
1166 2631 1251 2659 Ctec.
1269 2641 1298 2668 p.
1319 2631 1372 2664 69,
1389 2631 1441 2658 38.

917 2673 991 2707 328,
1008 2677 1038 2704 9.
1064 2673 1146 2703 ἄλλο.
1171 2673 1219 2703 Ita
1234 2682 1342 2710 nempe
1358 2682 1388 2709 p.
1405 2673 1481 2706 309,
1498 2674 1527 2700 1.

916 2716 992 2750 328,
1003 2719 1053 2747 22.
1077 2714 1326 2756 χρόνοις-χρόνος.
1339 2715 1388 2743 hic
1397 2715 1434 2743 ad
1449 2715 1582 2749 254,10.

916 2760 990 2793 330,
1008 2762 1038 2788 1.
1061 2759 1122 2793 An,
1136 2756 1336 2798 πξσσλαζόντα
1352 2755 1419 2797 παρ’
1436 2757 1526 2796 ὑμῖν.Ξ
1552 2762 1585 2787 ut

872 2810 983 2839 nempe
1006 2803 1174 2840 jungantur
1197 2801 1249 2831 ὑπ.
1271 2798 1340 2840 παρ’
1361 2801 1386 2831 ὑ.
1410 2800 1482 2829 Alia
1507 2800 1584 2830 ratio

873 2843 932 2873 loci
949 2854 979 2881 p.
996 2845 1069 2877 303,
1088 2846 1117 2873 5.

916 2888 991 2921 330,
1018 2890 1066 2915 10.
1102 2885 1170 2925 [καὶ
1191 2886 1326 2927 <cb-nm]
1360 2886 1439 2917 Satis
1462 2887 1517 2915 hoc
1545 2897 1582 2916 ex

874 2929 994 2958 caeteris
1008 2929 1198 2967 intelligitur.
