<?xml version="1.0" encoding="UTF-8"?>
<!DOCTYPE html PUBLIC "-//W3C//DTD XHTML 1.0 Transitional//EN"
    "http://www.w3.org/TR/xhtml1/DTD/xhtml1-transitional.dtd">
<html xmlns="http://www.w3.org/1999/xhtml" xml:lang="en" lang="en">
 <head>
  <title>
</title>
<meta http-equiv="Content-Type" content="text/html;charset=utf-8" />
  <meta name='ocr-system' content='tesseract 3.04.00' />
  <meta name='ocr-capabilities' content='ocr_page ocr_carea ocr_par ocr_line ocrx_word'/>
</head>
<body>
  <div class='ocr_page' id='page_1' title='image "./oratoresatticie11dobs/oratoresatticie11dobs_0121.png"; bbox 0 0 1822 3187; ppageno 0'>
   <div class='ocr_carea' id='block_1_1' title="bbox 566 180 1544 229">
    <p class='ocr_par' dir='ltr' id='par_1_1' title="bbox 566 180 1544 229">
     <span class='ocr_line' id='line_1_1' title="bbox 566 180 1544 229; baseline -0.006 -3"><span class='ocrx_word' id='word_1_1' title='bbox 566 180 1056 226; x_wconf 85' lang='lat' dir='ltr'>DEMOSTHENEAE.</span> <span class='ocrx_word' id='word_1_2' title='bbox 1489 188 1544 229; x_wconf 83' lang='lat'>79</span> 
     </span>
    </p>
   </div>
   <div class='ocr_carea' id='block_1_2' title="bbox 90 286 800 1136">
    <p class='ocr_par' dir='ltr' id='par_1_2' title="bbox 130 286 795 828">
     <span class='ocr_line' id='line_1_2' title="bbox 130 286 792 342; baseline -0.006 -23"><span class='ocrx_word' id='word_1_3' title='bbox 130 290 316 342; x_wconf 76' lang='grc' dir='ltr'>λυσαμένους,</span> <span class='ocrx_word' id='word_1_4' title='bbox 329 292 383 320; x_wconf 72' lang='grc' dir='ltr'>τῶν</span> <span class='ocrx_word' id='word_1_5' title='bbox 394 302 441 321; x_wconf 80' lang='grc' dir='ltr'>ουκ</span> <span class='ocrx_word' id='word_1_6' title='bbox 455 302 477 321; x_wconf 89' lang='grc' dir='ltr'>ε</span> <span class='ocrx_word' id='word_1_7' title='bbox 470 289 562 320; x_wconf 76' lang='grc' dir='ltr'>’δότων</span> <span class='ocrx_word' id='word_1_8' title='bbox 574 288 735 338; x_wconf 46' lang='grc' dir='ltr'>κατηγορεῖν</span> <span class='ocrx_word' id='word_1_9' title='bbox 745 286 792 315; x_wconf 68' lang='grc' dir='ltr'>οὖα</span> 
     </span>
     <span class='ocr_line' id='line_1_3' title="bbox 132 329 793 372; baseline -0.006 -11"><span class='ocrx_word' id='word_1_10' title='bbox 132 333 188 361; x_wconf 78' lang='grc' dir='ltr'>ἴσον</span> <span class='ocrx_word' id='word_1_11' title='bbox 202 332 288 363; x_wconf 77' lang='grc' dir='ltr'>ἐστίν.</span> <span class='ocrx_word' id='word_1_12' title='bbox 302 335 437 372; x_wconf 85' lang='lat' dir='ltr'>iniquum</span> <span class='ocrx_word' id='word_1_13' title='bbox 448 338 506 368; x_wconf 86' lang='lat' dir='ltr'>est,</span> <span class='ocrx_word' id='word_1_14' title='bbox 516 343 584 367; x_wconf 81' lang='lat' dir='ltr'>vos</span> <span class='ocrx_word' id='word_1_15' title='bbox 597 332 647 370; x_wconf 87' lang='lat' dir='ltr'>qui</span> <span class='ocrx_word' id='word_1_16' title='bbox 660 340 728 359; x_wconf 85' lang='lat' dir='ltr'>cum</span> <span class='ocrx_word' id='word_1_17' title='bbox 744 329 793 364; x_wconf 86' lang='lat' dir='ltr'>iis,</span> 
     </span>
     <span class='ocr_line' id='line_1_4' title="bbox 132 371 793 414; baseline -0.009 -9"><span class='ocrx_word' id='word_1_18' title='bbox 132 385 158 404; x_wconf 85' lang='lat' dir='ltr'>a</span> <span class='ocrx_word' id='word_1_19' title='bbox 164 377 274 414; x_wconf 87' lang='lat' dir='ltr'>quibus</span> <span class='ocrx_word' id='word_1_20' title='bbox 289 377 324 405; x_wconf 83' lang='lat' dir='ltr'>la</span> <span class='ocrx_word' id='word_1_21' title='bbox 329 378 356 406; x_wconf 84' lang='lat' dir='ltr'>si</span> <span class='ocrx_word' id='word_1_22' title='bbox 375 377 481 412; x_wconf 83' lang='lat' dir='ltr'>eratis,</span> <span class='ocrx_word' id='word_1_23' title='bbox 497 371 700 407; x_wconf 84' lang='lat' dir='ltr'>decidissetis,</span> <span class='ocrx_word' id='word_1_24' title='bbox 715 382 793 400; x_wconf 88' lang='lat' dir='ltr'>nunc</span> 
     </span>
     <span class='ocr_line' id='line_1_5' title="bbox 133 418 795 458; baseline -0.008 -11"><span class='ocrx_word' id='word_1_25' title='bbox 133 428 185 447; x_wconf 90' lang='lat' dir='ltr'>eos</span> <span class='ocrx_word' id='word_1_26' title='bbox 201 419 354 454; x_wconf 84' lang='lat' dir='ltr'>incusare,</span> <span class='ocrx_word' id='word_1_27' title='bbox 369 419 422 458; x_wconf 93' lang='lat' dir='ltr'>qui</span> <span class='ocrx_word' id='word_1_28' title='bbox 437 418 531 448; x_wconf 88' lang='lat' dir='ltr'>totius</span> <span class='ocrx_word' id='word_1_29' title='bbox 551 425 651 445; x_wconf 84' lang='lat' dir='ltr'>causae</span> <span class='ocrx_word' id='word_1_30' title='bbox 668 424 795 452; x_wconf 82' lang='lat' dir='ltr'>prorsus</span> 
     </span>
     <span class='ocr_line' id='line_1_6' title="bbox 132 455 794 496; baseline -0.008 -6"><span class='ocrx_word' id='word_1_31' title='bbox 132 461 207 490; x_wconf 80' lang='lat' dir='ltr'>nihi!</span> <span class='ocrx_word' id='word_1_32' title='bbox 230 466 342 491; x_wconf 86' lang='lat' dir='ltr'>tenent.</span> <span class='ocrx_word' id='word_1_33' title='bbox 359 464 434 495; x_wconf 87' lang='grc'><strong>991,</strong></span> <span class='ocrx_word' id='word_1_34' title='bbox 458 462 508 490; x_wconf 72' lang='lat'>20.</span> <span class='ocrx_word' id='word_1_35' title='bbox 530 457 708 487; x_wconf 70' lang='grc' dir='ltr'>διαλέλυνται</span> <span class='ocrx_word' id='word_1_36' title='bbox 729 455 794 496; x_wconf 76' lang='grc' dir='ltr'>πρός</span> 
     </span>
     <span class='ocr_line' id='line_1_7' title="bbox 134 500 794 553; baseline -0.008 -21"><span class='ocrx_word' id='word_1_37' title='bbox 134 505 231 532; x_wconf 73' lang='grc' dir='ltr'>τοῦτον</span> <span class='ocrx_word' id='word_1_38' title='bbox 245 502 271 533; x_wconf 84' lang='grc' dir='ltr'>ἐν</span> <span class='ocrx_word' id='word_1_39' title='bbox 293 505 351 538; x_wconf 79' lang='grc' dir='ltr'>τοῖς</span> <span class='ocrx_word' id='word_1_40' title='bbox 365 503 445 553; x_wconf 79' lang='grc' dir='ltr'>ἐμοῖς</span> <span class='ocrx_word' id='word_1_41' title='bbox 456 501 632 541; x_wconf 75' lang='grc' dir='ltr'>πράγμασι.</span> <span class='ocrx_word' id='word_1_42' title='bbox 657 509 724 529; x_wconf 86' lang='grc'><strong>011111</strong></span> <span class='ocrx_word' id='word_1_43' title='bbox 741 500 794 527; x_wconf 91' lang='lat' dir='ltr'>ad·</span> 
     </span>
     <span class='ocr_line' id='line_1_8' title="bbox 134 542 795 584; baseline -0.009 -8"><span class='ocrx_word' id='word_1_44' title='bbox 134 546 269 576; x_wconf 81' lang='lat' dir='ltr'>versario</span> <span class='ocrx_word' id='word_1_45' title='bbox 283 557 351 576; x_wconf 90' lang='lat' dir='ltr'>meo</span> <span class='ocrx_word' id='word_1_46' title='bbox 374 547 403 575; x_wconf 87' lang='lat' dir='ltr'>in</span> <span class='ocrx_word' id='word_1_47' title='bbox 420 545 548 584; x_wconf 80' lang='lat' dir='ltr'>gratiam</span> <span class='ocrx_word' id='word_1_48' title='bbox 564 543 719 572; x_wconf 79' lang='lat' dir='ltr'>redierunt</span> <span class='ocrx_word' id='word_1_49' title='bbox 739 542 795 570; x_wconf 90' lang='lat' dir='ltr'>hac</span> 
     </span>
     <span class='ocr_line' id='line_1_9' title="bbox 134 583 795 628; baseline -0.011 -9"><span class='ocrx_word' id='word_1_50' title='bbox 134 588 215 628; x_wconf 84' lang='lat' dir='ltr'>lege,</span> <span class='ocrx_word' id='word_1_51' title='bbox 232 594 264 618; x_wconf 87' lang='lat' dir='ltr'>nt</span> <span class='ocrx_word' id='word_1_52' title='bbox 279 590 310 618; x_wconf 88' lang='lat' dir='ltr'>in</span> <span class='ocrx_word' id='word_1_53' title='bbox 325 598 415 618; x_wconf 84' lang='lat' dir='ltr'>causa</span> <span class='ocrx_word' id='word_1_54' title='bbox 429 597 496 616; x_wconf 81' lang='lat' dir='ltr'>mea</span> <span class='ocrx_word' id='word_1_55' title='bbox 511 586 642 615; x_wconf 87' lang='lat' dir='ltr'>dicendo</span> <span class='ocrx_word' id='word_1_56' title='bbox 659 583 795 614; x_wconf 86' lang='lat' dir='ltr'>testimo-</span> 
     </span>
     <span class='ocr_line' id='line_1_10' title="bbox 135 627 797 668; baseline -0.008 -8"><span class='ocrx_word' id='word_1_57' title='bbox 135 631 185 660; x_wconf 89' lang='lat' dir='ltr'>nio</span> <span class='ocrx_word' id='word_1_58' title='bbox 201 631 228 660; x_wconf 91' lang='lat' dir='ltr'>ei</span> <span class='ocrx_word' id='word_1_59' title='bbox 245 641 281 660; x_wconf 89' lang='lat' dir='ltr'>ne</span> <span class='ocrx_word' id='word_1_60' title='bbox 297 632 445 660; x_wconf 87' lang='lat' dir='ltr'>obessent.</span> <span class='ocrx_word' id='word_1_61' title='bbox 461 630 554 664; x_wconf 73' lang='lat'>1323,</span> <span class='ocrx_word' id='word_1_62' title='bbox 566 631 595 657; x_wconf 88' lang='lat'>1.</span> <span class='ocrx_word' id='word_1_63' title='bbox 632 627 668 668; x_wconf 89' lang='lat' dir='ltr'>b)</span> <span class='ocrx_word' id='word_1_64' title='bbox 685 627 797 665; x_wconf 85' lang='lat' dir='ltr'>depen-</span> 
     </span>
     <span class='ocr_line' id='line_1_11' title="bbox 134 671 794 710; baseline -0.008 -7"><span class='ocrx_word' id='word_1_65' title='bbox 134 673 219 708; x_wconf 83' lang='lat' dir='ltr'>dere,</span> <span class='ocrx_word' id='word_1_66' title='bbox 235 673 351 702; x_wconf 84' lang='lat' dir='ltr'>diluere</span> <span class='ocrx_word' id='word_1_67' title='bbox 363 672 575 710; x_wconf 62' lang='grc' dir='ltr'><strong>(1011110111.μῆ</strong></span> <span class='ocrx_word' id='word_1_68' title='bbox 589 671 794 709; x_wconf 71' lang='grc' dir='ltr'>διαλυσάμενος</span> 
     </span>
     <span class='ocr_line' id='line_1_12' title="bbox 134 712 797 756; baseline -0.006 -12"><span class='ocrx_word' id='word_1_69' title='bbox 134 717 187 754; x_wconf 69' lang='grc' dir='ltr'>γὰρ</span> <span class='ocrx_word' id='word_1_70' title='bbox 199 714 442 756; x_wconf 73' lang='grc' dir='ltr'>γίνεταιχρηστης</span> <span class='ocrx_word' id='word_1_71' title='bbox 453 714 564 747; x_wconf 78' lang='grc' dir='ltr'>ἄδηλος.</span> <span class='ocrx_word' id='word_1_72' title='bbox 577 715 652 747; x_wconf 89' lang='grc'><strong>867,</strong></span> <span class='ocrx_word' id='word_1_73' title='bbox 668 715 718 742; x_wconf 86' lang='grc'>13.</span> <span class='ocrx_word' id='word_1_74' title='bbox 738 712 797 741; x_wconf 88' lang='grc' dir='ltr'>δια-</span> 
     </span>
     <span class='ocr_line' id='line_1_13' title="bbox 134 755 799 796; baseline -0.003 -10"><span class='ocrx_word' id='word_1_75' title='bbox 134 757 256 786; x_wconf 67' lang='grc' dir='ltr'>λύεσθαι</span> <span class='ocrx_word' id='word_1_76' title='bbox 277 758 343 796; x_wconf 74' lang='grc' dir='ltr'>πρός</span> <span class='ocrx_word' id='word_1_77' title='bbox 364 769 438 786; x_wconf 81' lang='grc' dir='ltr'>τινα.</span> <span class='ocrx_word' id='word_1_78' title='bbox 462 757 491 786; x_wconf 92' lang='lat' dir='ltr'>ei</span> <span class='ocrx_word' id='word_1_79' title='bbox 516 755 701 785; x_wconf 71' lang='lat' dir='ltr'>satisfacere.</span> <span class='ocrx_word' id='word_1_80' title='bbox 725 756 799 790; x_wconf 84' lang='lat'>869,</span> 
     </span>
     <span class='ocr_line' id='line_1_14' title="bbox 136 799 191 828; baseline -0.023 0"><span class='ocrx_word' id='word_1_81' title='bbox 136 799 191 828; x_wconf 85' lang='lat' dir='ltr'>ult.</span> 
     </span>
    </p>

    <p class='ocr_par' dir='ltr' id='par_1_3' title="bbox 91 839 798 965">
     <span class='ocr_line' id='line_1_15' title="bbox 91 839 798 880; baseline -0.004 -10"><span class='ocrx_word' id='word_1_82' title='bbox 91 839 346 880; x_wconf 66' lang='grc' dir='ltr'>διαλυμαίνεσθαι]</span> <span class='ocrx_word' id='word_1_83' title='bbox 369 843 410 871; x_wconf 72' lang='grc' dir='ltr'>τὰ</span> <span class='ocrx_word' id='word_1_84' title='bbox 435 840 522 880; x_wconf 68' lang='grc' dir='ltr'>ὀρθῶς</span> <span class='ocrx_word' id='word_1_85' title='bbox 548 839 740 872; x_wconf 62' lang='grc' dir='ltr'>βουλευθέντα</span> <span class='ocrx_word' id='word_1_86' title='bbox 754 856 798 860; x_wconf 80' lang='lat'><strong>—</strong></span> 
     </span>
     <span class='ocr_line' id='line_1_16' title="bbox 133 881 798 922; baseline -0.006 -10"><span class='ocrx_word' id='word_1_87' title='bbox 133 883 273 917; x_wconf 75' lang='grc' dir='ltr'>πολλάκις</span> <span class='ocrx_word' id='word_1_88' title='bbox 285 882 328 922; x_wconf 72' lang='grc' dir='ltr'>τῷ</span> <span class='ocrx_word' id='word_1_89' title='bbox 339 895 403 917; x_wconf 86' lang='grc' dir='ltr'>τους</span> <span class='ocrx_word' id='word_1_90' title='bbox 421 882 599 915; x_wconf 80' lang='grc' dir='ltr'>ἐπιστάντας</span> <span class='ocrx_word' id='word_1_91' title='bbox 615 881 711 914; x_wconf 80' lang='grc' dir='ltr'>ἄλλως</span> <span class='ocrx_word' id='word_1_92' title='bbox 731 882 798 921; x_wconf 73' lang='grc' dir='ltr'>χρῆ-</span> 
     </span>
     <span class='ocr_line' id='line_1_17' title="bbox 132 925 556 965; baseline 0.002 -11"><span class='ocrx_word' id='word_1_93' title='bbox 132 925 206 954; x_wconf 66' lang='grc' dir='ltr'>σθαι</span> <span class='ocrx_word' id='word_1_94' title='bbox 222 925 400 965; x_wconf 77' lang='grc' dir='ltr'>διελυμάνθη.</span> <span class='ocrx_word' id='word_1_95' title='bbox 415 927 509 960; x_wconf 84' lang='grc'><strong>1466,</strong></span> <span class='ocrx_word' id='word_1_96' title='bbox 526 927 556 955; x_wconf 81' lang='grc'>5.</span> 
     </span>
    </p>

    <p class='ocr_par' dir='ltr' id='par_1_4' title="bbox 90 964 800 1136">
     <span class='ocr_line' id='line_1_18' title="bbox 90 964 799 1008; baseline -0.003 -12"><span class='ocrx_word' id='word_1_97' title='bbox 90 966 232 1008; x_wconf 79' lang='grc' dir='ltr'>διάλυσις]</span> <span class='ocrx_word' id='word_1_98' title='bbox 251 968 457 997; x_wconf 75' lang='lat' dir='ltr'>reconciliatio</span> <span class='ocrx_word' id='word_1_99' title='bbox 482 967 597 1006; x_wconf 86' lang='lat' dir='ltr'>gratiae.</span> <span class='ocrx_word' id='word_1_100' title='bbox 620 964 692 1005; x_wconf 76' lang='grc' dir='ltr'>ἦξίου</span> <span class='ocrx_word' id='word_1_101' title='bbox 707 964 736 995; x_wconf 75' lang='grc' dir='ltr'>δὲ</span> <span class='ocrx_word' id='word_1_102' title='bbox 752 977 799 994; x_wconf 87' lang='grc' dir='ltr'>και</span> 
     </span>
     <span class='ocr_line' id='line_1_19' title="bbox 132 1008 798 1060; baseline -0.005 -21"><span class='ocrx_word' id='word_1_103' title='bbox 132 1009 206 1050; x_wconf 60' lang='grc' dir='ltr'>πρός</span> <span class='ocrx_word' id='word_1_104' title='bbox 229 1008 282 1049; x_wconf 77' lang='grc' dir='ltr'>ἔμε</span> <span class='ocrx_word' id='word_1_105' title='bbox 310 1010 579 1060; x_wconf 70' lang='lat' dir='ltr'>[Demosthenem]</span> <span class='ocrx_word' id='word_1_106' title='bbox 605 1009 683 1047; x_wconf 52' lang='lat' dir='ltr'>aim-q&gt;</span> <span class='ocrx_word' id='word_1_107' title='bbox 711 1008 798 1047; x_wconf 89' lang='lat' dir='ltr'>[sibi,</span> 
     </span>
     <span class='ocr_line' id='line_1_20' title="bbox 132 1041 800 1093; baseline -0.001 -12"><span class='ocrx_word' id='word_1_108' title='bbox 132 1052 241 1083; x_wconf 81' lang='lat' dir='ltr'>Midiae</span> <span class='ocrx_word' id='word_1_109' title='bbox 265 1053 366 1093; x_wconf 83' lang='lat' dir='ltr'>puta‚]</span> <span class='ocrx_word' id='word_1_110' title='bbox 391 1052 423 1082; x_wconf 87' lang='grc' dir='ltr'>δι’</span> <span class='ocrx_word' id='word_1_111' title='bbox 445 1050 541 1082; x_wconf 79' lang='grc' dir='ltr'>ἐκείνου</span> <span class='ocrx_word' id='word_1_112' title='bbox 569 1051 640 1091; x_wconf 87' lang='lat' dir='ltr'>[per</span> <span class='ocrx_word' id='word_1_113' title='bbox 666 1041 800 1080; x_wconf 75' lang='lat' dir='ltr'>¹Aristar-</span> 
     </span>
     <span class='ocr_line' id='line_1_21' title="bbox 134 1095 799 1136; baseline -0.002 -12"><span class='ocrx_word' id='word_1_114' title='bbox 134 1095 240 1136; x_wconf 87' lang='lat' dir='ltr'>chum]</span> <span class='ocrx_word' id='word_1_115' title='bbox 258 1095 402 1133; x_wconf 81' lang='grc' dir='ltr'>γιγνεσθαι</span> <span class='ocrx_word' id='word_1_116' title='bbox 417 1097 472 1128; x_wconf 72' lang='grc' dir='ltr'>τὰς</span> <span class='ocrx_word' id='word_1_117' title='bbox 488 1095 640 1128; x_wconf 73' lang='grc' dir='ltr'>διαλύσεις.</span> <span class='ocrx_word' id='word_1_118' title='bbox 657 1095 732 1129; x_wconf 82' lang='grc'><em>553,</em></span> <span class='ocrx_word' id='word_1_119' title='bbox 747 1096 799 1123; x_wconf 66' lang='lat'>90.</span> 
     </span>
    </p>
   </div>
   <div class='ocr_carea' id='block_1_3' title="bbox 93 1136 800 1178">
    <p class='ocr_par' dir='ltr' id='par_1_5' title="bbox 93 1136 800 1178">
     <span class='ocr_line' id='line_1_22' title="bbox 93 1136 800 1178; baseline -0.001 -12"><span class='ocrx_word' id='word_1_120' title='bbox 93 1137 304 1178; x_wconf 80' lang='grc' dir='ltr'>διαμαρτάνειν]</span> <span class='ocrx_word' id='word_1_121' title='bbox 328 1150 356 1168; x_wconf 90' lang='grc' dir='ltr'>ου</span> <span class='ocrx_word' id='word_1_122' title='bbox 379 1138 431 1178; x_wconf 80' lang='grc' dir='ltr'>γάρ</span> <span class='ocrx_word' id='word_1_123' title='bbox 446 1136 524 1167; x_wconf 77' lang='grc' dir='ltr'>ἔστιν</span> <span class='ocrx_word' id='word_1_124' title='bbox 539 1138 594 1166; x_wconf 78' lang='grc' dir='ltr'>ἴσον</span> <span class='ocrx_word' id='word_1_125' title='bbox 612 1136 674 1175; x_wconf 74' lang='grc' dir='ltr'>ἐμοι</span> <span class='ocrx_word' id='word_1_126' title='bbox 694 1137 736 1166; x_wconf 75' lang='grc' dir='ltr'>νῦν</span> <span class='ocrx_word' id='word_1_127' title='bbox 749 1148 800 1170; x_wconf 80' lang='grc' dir='ltr'>της</span> 
     </span>
    </p>
   </div>
   <div class='ocr_carea' id='block_1_4' title="bbox 95 1179 807 3001">
    <p class='ocr_par' dir='ltr' id='par_1_6' title="bbox 107 1179 800 1304">
     <span class='ocr_line' id='line_1_23' title="bbox 107 1179 798 1221; baseline -0.003 -11"><span class='ocrx_word' id='word_1_128' title='bbox 107 1202 110 1206; x_wconf 87' lang='grc'>-</span> <span class='ocrx_word' id='word_1_129' title='bbox 135 1179 210 1221; x_wconf 62' lang='grc' dir='ltr'>παρ’</span> <span class='ocrx_word' id='word_1_130' title='bbox 223 1182 300 1217; x_wconf 78' lang='grc' dir='ltr'>υμῶν</span> <span class='ocrx_word' id='word_1_131' title='bbox 315 1181 412 1214; x_wconf 78' lang='grc' dir='ltr'>εἰνοίας</span> <span class='ocrx_word' id='word_1_132' title='bbox 434 1181 614 1220; x_wconf 77' lang='grc' dir='ltr'>διαμαρτάνε.</span> <span class='ocrx_word' id='word_1_133' title='bbox 619 1190 640 1208; x_wconf 88' lang='grc' dir='ltr'>ν.</span> <span class='ocrx_word' id='word_1_134' title='bbox 658 1181 731 1214; x_wconf 65' lang='lat'>226,</span> <span class='ocrx_word' id='word_1_135' title='bbox 748 1181 798 1208; x_wconf 90' lang='grc'>17.</span> 
     </span>
     <span class='ocr_line' id='line_1_24' title="bbox 134 1220 800 1262; baseline -0.003 -10"><span class='ocrx_word' id='word_1_136' title='bbox 134 1225 184 1257; x_wconf 75' lang='grc' dir='ltr'>τῆς</span> <span class='ocrx_word' id='word_1_137' title='bbox 206 1224 303 1262; x_wconf 73' lang='grc' dir='ltr'>εἰρήνης</span> <span class='ocrx_word' id='word_1_138' title='bbox 318 1235 349 1252; x_wconf 88' lang='grc' dir='ltr'>αν</span> <span class='ocrx_word' id='word_1_139' title='bbox 365 1223 556 1262; x_wconf 85' lang='grc' dir='ltr'>διημαρτηκει.</span> <span class='ocrx_word' id='word_1_140' title='bbox 581 1224 655 1256; x_wconf 68' lang='lat'>935,</span> <span class='ocrx_word' id='word_1_141' title='bbox 672 1220 800 1250; x_wconf 73' lang='grc' dir='ltr'><strong>1111.ἔλ-</strong></span> 
     </span>
     <span class='ocr_line' id='line_1_25' title="bbox 135 1262 798 1316; baseline -0.003 -22"><span class='ocrx_word' id='word_1_142' title='bbox 135 1266 236 1295; x_wconf 30' lang='lat' dir='ltr'>wifam</span> <span class='ocrx_word' id='word_1_143' title='bbox 252 1268 326 1300; x_wconf 72' lang='lat'>255,</span> <span class='ocrx_word' id='word_1_144' title='bbox 346 1268 397 1295; x_wconf 92' lang='grc'>13.</span> <span class='ocrx_word' id='word_1_145' title='bbox 423 1267 587 1300; x_wconf 81' lang='grc'><strong>1470,17.</strong></span> <span class='ocrx_word' id='word_1_146' title='bbox 612 1265 680 1293; x_wconf 89' lang='grc' dir='ltr'>δυοῖν</span> <span class='ocrx_word' id='word_1_147' title='bbox 699 1262 798 1316; x_wconf 84' lang='grc' dir='ltr'>χρησί-</span> 
     </span>
    </p>

    <p class='ocr_par' dir='ltr' id='par_1_7' title="bbox 133 1306 804 2108">
     <span class='ocr_line' id='line_1_26' title="bbox 133 1306 798 1360; baseline -0.005 -23"><span class='ocrx_word' id='word_1_148' title='bbox 133 1319 198 1346; x_wconf 84' lang='grc' dir='ltr'>μοιν</span> <span class='ocrx_word' id='word_1_149' title='bbox 211 1308 239 1337; x_wconf 78' lang='grc' dir='ltr'>οὔ</span> <span class='ocrx_word' id='word_1_150' title='bbox 251 1307 503 1360; x_wconf 66' lang='grc' dir='ltr'>διαμαρτήσεσθαι</span> <span class='ocrx_word' id='word_1_151' title='bbox 515 1309 564 1337; x_wconf 69' lang='lat' dir='ltr'>‘rin&#39;</span> <span class='ocrx_word' id='word_1_152' title='bbox 576 1306 657 1336; x_wconf 76' lang='grc' dir='ltr'>πόλιν</span> <span class='ocrx_word' id='word_1_153' title='bbox 668 1307 798 1344; x_wconf 69' lang='grc' dir='ltr'>ἡγούμην.</span> 
     </span>
     <span class='ocr_line' id='line_1_27' title="bbox 133 1347 800 1391; baseline -0.002 -12"><span class='ocrx_word' id='word_1_154' title='bbox 133 1352 209 1386; x_wconf 81' lang='grc'><strong>388,</strong></span> <span class='ocrx_word' id='word_1_155' title='bbox 226 1354 277 1381; x_wconf 81' lang='lat'>14.</span> <span class='ocrx_word' id='word_1_156' title='bbox 302 1350 394 1389; x_wconf 82' lang='grc' dir='ltr'>εἰμὲν</span> <span class='ocrx_word' id='word_1_157' title='bbox 406 1347 543 1391; x_wconf 80' lang='grc' dir='ltr'><strong><em>Αἰσχίνης</em></strong></span> <span class='ocrx_word' id='word_1_158' title='bbox 559 1349 668 1382; x_wconf 76' lang='grc' dir='ltr'>ἰδιώτης</span> <span class='ocrx_word' id='word_1_159' title='bbox 682 1350 800 1378; x_wconf 76' lang='grc' dir='ltr'>ὣνάπε-</span> 
     </span>
     <span class='ocr_line' id='line_1_28' title="bbox 134 1391 800 1434; baseline -0.002 -13"><span class='ocrx_word' id='word_1_160' title='bbox 134 1392 235 1433; x_wconf 79' lang='grc' dir='ltr'>λῆρησέ</span> <span class='ocrx_word' id='word_1_161' title='bbox 245 1405 273 1423; x_wconf 91' lang='grc' dir='ltr'>τι</span> <span class='ocrx_word' id='word_1_162' title='bbox 282 1404 330 1422; x_wconf 85' lang='grc' dir='ltr'>και</span> <span class='ocrx_word' id='word_1_163' title='bbox 321 1393 485 1434; x_wconf 86' lang='grc' dir='ltr'>διημαρτε</span> <span class='ocrx_word' id='word_1_164' title='bbox 497 1395 572 1427; x_wconf 85' lang='lat'>398,</span> <span class='ocrx_word' id='word_1_165' title='bbox 583 1395 633 1421; x_wconf 71' lang='lat'>⁰21.</span> <span class='ocrx_word' id='word_1_166' title='bbox 659 1391 800 1421; x_wconf 74' lang='grc' dir='ltr'>δεδοικέναι</span> 
     </span>
     <span class='ocr_line' id='line_1_29' title="bbox 133 1435 800 1477; baseline -0.001 -13"><span class='ocrx_word' id='word_1_167' title='bbox 133 1435 174 1470; x_wconf 79' lang='grc' dir='ltr'>δὲ,</span> <span class='ocrx_word' id='word_1_168' title='bbox 202 1437 244 1475; x_wconf 78' lang='grc' dir='ltr'>μῆ</span> <span class='ocrx_word' id='word_1_169' title='bbox 271 1436 424 1477; x_wconf 69' lang='grc' dir='ltr'>διαμάρτῃ.</span> <span class='ocrx_word' id='word_1_170' title='bbox 451 1446 489 1465; x_wconf 83' lang='grc'>110</span> <span class='ocrx_word' id='word_1_171' title='bbox 511 1435 615 1474; x_wconf 86' lang='lat' dir='ltr'>cupita</span> <span class='ocrx_word' id='word_1_172' title='bbox 641 1439 672 1463; x_wconf 78' lang='lat' dir='ltr'>et</span> <span class='ocrx_word' id='word_1_173' title='bbox 693 1440 800 1473; x_wconf 86' lang='lat' dir='ltr'>rogata</span> 
     </span>
     <span class='ocr_line' id='line_1_30' title="bbox 133 1477 800 1517; baseline 0 -11"><span class='ocrx_word' id='word_1_174' title='bbox 133 1478 232 1507; x_wconf 89' lang='lat' dir='ltr'>minus</span> <span class='ocrx_word' id='word_1_175' title='bbox 246 1479 434 1517; x_wconf 81' lang='lat' dir='ltr'>impetraret.</span> <span class='ocrx_word' id='word_1_176' title='bbox 449 1481 523 1513; x_wconf 81' lang='lat'>401,</span> <span class='ocrx_word' id='word_1_177' title='bbox 538 1481 589 1508; x_wconf 67' lang='lat'>⁶222.</span> <span class='ocrx_word' id='word_1_178' title='bbox 614 1478 662 1507; x_wconf 76' lang='grc' dir='ltr'>οὐκ</span> <span class='ocrx_word' id='word_1_179' title='bbox 681 1477 712 1506; x_wconf 81' lang='grc' dir='ltr'>ἲιν</span> <span class='ocrx_word' id='word_1_180' title='bbox 732 1489 800 1506; x_wconf 80' lang='grc' dir='ltr'>τοσ-</span> 
     </span>
     <span class='ocr_line' id='line_1_31' title="bbox 135 1521 802 1561; baseline 0 -12"><span class='ocrx_word' id='word_1_181' title='bbox 135 1521 210 1550; x_wconf 80' lang='grc' dir='ltr'>οῦτον</span> <span class='ocrx_word' id='word_1_182' title='bbox 232 1521 402 1561; x_wconf 67' lang='grc' dir='ltr'>διημάρτανε</span> <span class='ocrx_word' id='word_1_183' title='bbox 425 1523 474 1550; x_wconf 75' lang='grc' dir='ltr'>τοῦ</span> <span class='ocrx_word' id='word_1_184' title='bbox 498 1521 673 1560; x_wconf 78' lang='grc' dir='ltr'>πράγματος</span> <span class='ocrx_word' id='word_1_185' title='bbox 690 1521 738 1561; x_wconf 90' lang='lat' dir='ltr'>[id</span> <span class='ocrx_word' id='word_1_186' title='bbox 754 1525 802 1549; x_wconf 84' lang='lat' dir='ltr'>est</span> 
     </span>
     <span class='ocr_line' id='line_1_32' title="bbox 134 1563 801 1604; baseline -0.001 -12"><span class='ocrx_word' id='word_1_187' title='bbox 134 1564 184 1592; x_wconf 75' lang='grc' dir='ltr'>τοῦ</span> <span class='ocrx_word' id='word_1_188' title='bbox 210 1565 250 1593; x_wconf 72' lang='grc' dir='ltr'>τὰ</span> <span class='ocrx_word' id='word_1_189' title='bbox 272 1563 364 1593; x_wconf 78' lang='grc' dir='ltr'>δίκαια</span> <span class='ocrx_word' id='word_1_190' title='bbox 389 1564 508 1604; x_wconf 58' lang='grc' dir='ltr'>ποιεῖν]</span> <span class='ocrx_word' id='word_1_191' title='bbox 530 1565 606 1596; x_wconf 81' lang='grc'><strong>576,</strong></span> <span class='ocrx_word' id='word_1_192' title='bbox 630 1573 698 1601; x_wconf 89' lang='lat' dir='ltr'>pen.</span> <span class='ocrx_word' id='word_1_193' title='bbox 723 1564 801 1592; x_wconf 72' lang='grc' dir='ltr'>ἀλλὰ</span> 
     </span>
     <span class='ocr_line' id='line_1_33' title="bbox 135 1606 803 1646; baseline -0.001 -11"><span class='ocrx_word' id='word_1_194' title='bbox 135 1607 231 1646; x_wconf 71' lang='grc' dir='ltr'>γνώμῃ</span> <span class='ocrx_word' id='word_1_195' title='bbox 262 1606 425 1645; x_wconf 82' lang='grc' dir='ltr'>διαμαρτὼν</span> <span class='ocrx_word' id='word_1_196' title='bbox 453 1607 629 1645; x_wconf 57' lang='grc' dir='ltr'>ἀποτυχεῖν.</span> <span class='ocrx_word' id='word_1_197' title='bbox 670 1607 744 1640; x_wconf 90' lang='grc'><strong>716,</strong></span> <span class='ocrx_word' id='word_1_198' title='bbox 771 1607 803 1635; x_wconf 82' lang='grc'><strong>3.</strong></span> 
     </span>
     <span class='ocr_line' id='line_1_34' title="bbox 135 1648 803 1687; baseline -0.003 -9"><span class='ocrx_word' id='word_1_199' title='bbox 135 1650 211 1684; x_wconf 82' lang='lat'>734,</span> <span class='ocrx_word' id='word_1_200' title='bbox 227 1651 279 1679; x_wconf 75' lang='lat'>22.</span> <span class='ocrx_word' id='word_1_201' title='bbox 310 1648 536 1687; x_wconf 82' lang='grc' dir='ltr'>διημαρτηκότας</span> <span class='ocrx_word' id='word_1_202' title='bbox 559 1650 638 1687; x_wconf 64' lang='grc' dir='ltr'>ἡμᾶς</span> <span class='ocrx_word' id='word_1_203' title='bbox 660 1650 715 1676; x_wconf 82' lang='grc' dir='ltr'>τῶν</span> <span class='ocrx_word' id='word_1_204' title='bbox 737 1659 803 1677; x_wconf 66' lang='grc' dir='ltr'>ωα-</span> 
     </span>
     <span class='ocr_line' id='line_1_35' title="bbox 137 1689 802 1730; baseline 0 -11"><span class='ocrx_word' id='word_1_205' title='bbox 137 1690 238 1730; x_wconf 75' lang='grc' dir='ltr'>τρῷων.</span> <span class='ocrx_word' id='word_1_206' title='bbox 255 1693 330 1726; x_wconf 72' lang='grc'><strong>841,</strong></span> <span class='ocrx_word' id='word_1_207' title='bbox 346 1693 397 1720; x_wconf 88' lang='grc'>16.</span> <span class='ocrx_word' id='word_1_208' title='bbox 421 1691 583 1729; x_wconf 67' lang='grc' dir='ltr'>διαμαρτὼν</span> <span class='ocrx_word' id='word_1_209' title='bbox 606 1692 655 1719; x_wconf 73' lang='grc' dir='ltr'>τοῦ</span> <span class='ocrx_word' id='word_1_210' title='bbox 679 1689 802 1730; x_wconf 72' lang='grc' dir='ltr'>λέμβου,</span> 
     </span>
     <span class='ocr_line' id='line_1_36' title="bbox 137 1732 802 1771; baseline 0 -9"><span class='ocrx_word' id='word_1_211' title='bbox 137 1734 183 1763; x_wconf 70' lang='grc' dir='ltr'>δια</span> <span class='ocrx_word' id='word_1_212' title='bbox 204 1734 238 1764; x_wconf 80' lang='grc' dir='ltr'>τὸ</span> <span class='ocrx_word' id='word_1_213' title='bbox 262 1734 349 1763; x_wconf 80' lang='grc' dir='ltr'>νύκτα</span> <span class='ocrx_word' id='word_1_214' title='bbox 373 1732 451 1768; x_wconf 79' lang='grc' dir='ltr'>εῖναι,</span> <span class='ocrx_word' id='word_1_215' title='bbox 466 1733 624 1770; x_wconf 60' lang='grc' dir='ltr'>ἀπεπνίγη.</span> <span class='ocrx_word' id='word_1_216' title='bbox 643 1735 717 1767; x_wconf 81' lang='grc'><strong>883,</strong></span> <span class='ocrx_word' id='word_1_217' title='bbox 734 1744 802 1771; x_wconf 88' lang='lat' dir='ltr'>pen.</span> 
     </span>
     <span class='ocr_line' id='line_1_37' title="bbox 138 1775 803 1817; baseline -0.002 -12"><span class='ocrx_word' id='word_1_218' title='bbox 138 1777 190 1805; x_wconf 76' lang='grc' dir='ltr'>ποῖ</span> <span class='ocrx_word' id='word_1_219' title='bbox 212 1779 265 1815; x_wconf 69' lang='grc' dir='ltr'>γὰρ</span> <span class='ocrx_word' id='word_1_220' title='bbox 291 1775 453 1815; x_wconf 78' lang='grc' dir='ltr'>τραπέσθαι</span> <span class='ocrx_word' id='word_1_221' title='bbox 478 1776 566 1805; x_wconf 71' lang='grc' dir='ltr'>δεήσει</span> <span class='ocrx_word' id='word_1_222' title='bbox 591 1777 641 1808; x_wconf 66' lang='grc' dir='ltr'>τῆς</span> <span class='ocrx_word' id='word_1_223' title='bbox 665 1775 803 1817; x_wconf 76' lang='grc' dir='ltr'>ὑμετέρας</span> 
     </span>
     <span class='ocr_line' id='line_1_38' title="bbox 136 1818 803 1858; baseline -0.002 -11"><span class='ocrx_word' id='word_1_224' title='bbox 136 1819 248 1857; x_wconf 74' lang='grc' dir='ltr'>γνώμης</span> <span class='ocrx_word' id='word_1_225' title='bbox 273 1818 475 1858; x_wconf 73' lang='grc' dir='ltr'>διαμαρτόντα.</span> <span class='ocrx_word' id='word_1_226' title='bbox 498 1820 592 1851; x_wconf 73' lang='grc'><strong>1048,</strong></span> <span class='ocrx_word' id='word_1_227' title='bbox 610 1821 662 1848; x_wconf 79' lang='grc'>21.</span> <span class='ocrx_word' id='word_1_228' title='bbox 685 1819 803 1858; x_wconf 60' lang='grc' dir='ltr'>διημαρ-</span> 
     </span>
     <span class='ocr_line' id='line_1_39' title="bbox 136 1859 803 1900; baseline 0 -11"><span class='ocrx_word' id='word_1_229' title='bbox 136 1860 248 1891; x_wconf 80' lang='grc' dir='ltr'>τηκέναι</span> <span class='ocrx_word' id='word_1_230' title='bbox 262 1873 313 1900; x_wconf 88' lang='grc' dir='ltr'>μοι</span> <span class='ocrx_word' id='word_1_231' title='bbox 328 1861 435 1891; x_wconf 71' lang='grc' dir='ltr'>δοκοῦσι</span> <span class='ocrx_word' id='word_1_232' title='bbox 457 1859 569 1893; x_wconf 70' lang='grc' dir='ltr'>ωαντός</span> <span class='ocrx_word' id='word_1_233' title='bbox 593 1862 640 1889; x_wconf 72' lang='grc' dir='ltr'>τοῦ</span> <span class='ocrx_word' id='word_1_234' title='bbox 662 1862 803 1900; x_wconf 79' lang='grc' dir='ltr'>πράγμα-</span> 
     </span>
     <span class='ocr_line' id='line_1_40' title="bbox 137 1901 803 1943; baseline 0.002 -11"><span class='ocrx_word' id='word_1_235' title='bbox 137 1914 194 1938; x_wconf 83' lang='grc' dir='ltr'>τος.</span> <span class='ocrx_word' id='word_1_236' title='bbox 210 1907 307 1939; x_wconf 66' lang='lat'>1223,</span> <span class='ocrx_word' id='word_1_237' title='bbox 323 1907 373 1933; x_wconf 90' lang='grc'>10.</span> <span class='ocrx_word' id='word_1_238' title='bbox 397 1904 418 1932; x_wconf 79' lang='grc' dir='ltr'>οἱ</span> <span class='ocrx_word' id='word_1_239' title='bbox 435 1901 637 1942; x_wconf 81' lang='grc' dir='ltr'>διαμαρτόντες</span> <span class='ocrx_word' id='word_1_240' title='bbox 659 1905 709 1937; x_wconf 65' lang='grc' dir='ltr'>τῆς</span> <span class='ocrx_word' id='word_1_241' title='bbox 725 1915 803 1943; x_wconf 76' lang='grc' dir='ltr'>συμ-</span> 
     </span>
     <span class='ocr_line' id='line_1_41' title="bbox 136 1946 802 1985; baseline -0.002 -10"><span class='ocrx_word' id='word_1_242' title='bbox 136 1946 252 1980; x_wconf 76' lang='grc' dir='ltr'>βουλίας</span> <span class='ocrx_word' id='word_1_243' title='bbox 282 1949 336 1976; x_wconf 70' lang='grc' dir='ltr'>τῶν</span> <span class='ocrx_word' id='word_1_244' title='bbox 363 1946 617 1985; x_wconf 63' lang='grc' dir='ltr'>ἐπιτηδευμάτων.</span> <span class='ocrx_word' id='word_1_245' title='bbox 648 1949 743 1981; x_wconf 68' lang='grc'><strong>1412,</strong></span> <span class='ocrx_word' id='word_1_246' title='bbox 772 1949 802 1976; x_wconf 81' lang='lat'>6.</span> 
     </span>
     <span class='ocr_line' id='line_1_42' title="bbox 137 1986 803 2029; baseline 0 -12"><span class='ocrx_word' id='word_1_247' title='bbox 137 1987 213 2017; x_wconf 77' lang='grc' dir='ltr'>δεινέν</span> <span class='ocrx_word' id='word_1_248' title='bbox 229 1990 261 2018; x_wconf 77' lang='grc' dir='ltr'>Ξιν</span> <span class='ocrx_word' id='word_1_249' title='bbox 275 1990 322 2024; x_wconf 82' lang='grc' dir='ltr'><strong>εἴη,</strong></span> <span class='ocrx_word' id='word_1_250' title='bbox 339 1989 361 2018; x_wconf 78' lang='grc' dir='ltr'>εἰ</span> <span class='ocrx_word' id='word_1_251' title='bbox 377 1990 436 2021; x_wconf 85' lang='grc' dir='ltr'>τοῖς</span> <span class='ocrx_word' id='word_1_252' title='bbox 452 1990 500 2017; x_wconf 79' lang='grc' dir='ltr'>τοῦ</span> <span class='ocrx_word' id='word_1_253' title='bbox 512 1986 667 2028; x_wconf 72' lang='grc' dir='ltr'>κρατίστου</span> <span class='ocrx_word' id='word_1_254' title='bbox 682 1988 803 2029; x_wconf 86' lang='grc' dir='ltr'>διαμαρ-</span> 
     </span>
     <span class='ocr_line' id='line_1_43' title="bbox 137 2030 804 2072; baseline 0.003 -12"><span class='ocrx_word' id='word_1_255' title='bbox 137 2032 218 2060; x_wconf 74' lang='grc' dir='ltr'>τοῦσι</span> <span class='ocrx_word' id='word_1_256' title='bbox 245 2031 278 2062; x_wconf 76' lang='grc' dir='ltr'>τὸ</span> <span class='ocrx_word' id='word_1_257' title='bbox 303 2030 444 2072; x_wconf 79' lang='grc' dir='ltr'>χείριστον</span> <span class='ocrx_word' id='word_1_258' title='bbox 467 2031 573 2068; x_wconf 75' lang='grc' dir='ltr'>ἀνάγκη</span> <span class='ocrx_word' id='word_1_259' title='bbox 599 2031 736 2070; x_wconf 74' lang='grc' dir='ltr'>πράττειν</span> <span class='ocrx_word' id='word_1_260' title='bbox 756 2032 804 2062; x_wconf 78' lang='grc' dir='ltr'>εἴη.</span> 
     </span>
     <span class='ocr_line' id='line_1_44' title="bbox 141 2076 303 2108; baseline 0.006 -6"><span class='ocrx_word' id='word_1_261' title='bbox 141 2076 235 2108; x_wconf 89' lang='grc'><strong>1456,</strong></span> <span class='ocrx_word' id='word_1_262' title='bbox 252 2077 303 2104; x_wconf 84' lang='grc'>14.</span> 
     </span>
    </p>

    <p class='ocr_par' dir='ltr' id='par_1_8' title="bbox 95 2116 805 2915">
     <span class='ocr_line' id='line_1_45' title="bbox 95 2116 804 2157; baseline 0.004 -13"><span class='ocrx_word' id='word_1_263' title='bbox 95 2116 303 2156; x_wconf 86' lang='grc' dir='ltr'>διαμαρτυρεῖν]</span> <span class='ocrx_word' id='word_1_264' title='bbox 321 2117 450 2155; x_wconf 83' lang='lat' dir='ltr'>aliquem</span> <span class='ocrx_word' id='word_1_265' title='bbox 467 2128 483 2147; x_wconf 87' lang='lat' dir='ltr'>a</span> <span class='ocrx_word' id='word_1_266' title='bbox 499 2116 648 2157; x_wconf 89' lang='lat' dir='ltr'>petitione</span> <span class='ocrx_word' id='word_1_267' title='bbox 665 2128 690 2146; x_wconf 92' lang='lat' dir='ltr'>e.</span> <span class='ocrx_word' id='word_1_268' title='bbox 702 2127 728 2146; x_wconf 90' lang='lat' dir='ltr'>c.</span> <span class='ocrx_word' id='word_1_269' title='bbox 744 2118 804 2147; x_wconf 82' lang='lat' dir='ltr'>hae-</span> 
     </span>
     <span class='ocr_line' id='line_1_46' title="bbox 138 2159 805 2198; baseline 0.003 -11"><span class='ocrx_word' id='word_1_270' title='bbox 138 2159 277 2188; x_wconf 85' lang='lat' dir='ltr'>reditatis</span> <span class='ocrx_word' id='word_1_271' title='bbox 289 2160 509 2197; x_wconf 85' lang='lat' dir='ltr'>interponenda</span> <span class='ocrx_word' id='word_1_272' title='bbox 520 2160 738 2198; x_wconf 82' lang='lat' dir='ltr'>protestatione</span> <span class='ocrx_word' id='word_1_273' title='bbox 751 2171 805 2189; x_wconf 83' lang='lat' dir='ltr'>ex-</span> 
     </span>
     <span class='ocr_line' id='line_1_47' title="bbox 139 2201 804 2240; baseline 0.002 -10"><span class='ocrx_word' id='word_1_274' title='bbox 139 2202 257 2230; x_wconf 87' lang='lat' dir='ltr'>clusum</span> <span class='ocrx_word' id='word_1_275' title='bbox 284 2201 339 2230; x_wconf 77' lang='lat' dir='ltr'>ire.</span> <span class='ocrx_word' id='word_1_276' title='bbox 363 2203 518 2240; x_wconf 85' lang='lat' dir='ltr'>proprium</span> <span class='ocrx_word' id='word_1_277' title='bbox 543 2203 617 2231; x_wconf 87' lang='lat' dir='ltr'>nihil</span> <span class='ocrx_word' id='word_1_278' title='bbox 641 2207 687 2232; x_wconf 78' lang='lat' dir='ltr'>est</span> <span class='ocrx_word' id='word_1_279' title='bbox 711 2203 804 2236; x_wconf 84' lang='lat' dir='ltr'>aliud,</span> 
     </span>
     <span class='ocr_line' id='line_1_48' title="bbox 140 2244 804 2284; baseline 0.003 -12"><span class='ocrx_word' id='word_1_280' title='bbox 140 2254 229 2283; x_wconf 87' lang='lat' dir='ltr'>qnam</span> <span class='ocrx_word' id='word_1_281' title='bbox 245 2245 416 2282; x_wconf 82' lang='lat' dir='ltr'>proximum</span> <span class='ocrx_word' id='word_1_282' title='bbox 433 2244 681 2284; x_wconf 69' lang='grc' dir='ltr'>διαμαρτύρεσθαι</span> <span class='ocrx_word' id='word_1_283' title='bbox 702 2250 804 2284; x_wconf 79' lang='lat' dir='ltr'>prote-</span> 
     </span>
     <span class='ocr_line' id='line_1_49' title="bbox 139 2286 804 2325; baseline 0 -9"><span class='ocrx_word' id='word_1_284' title='bbox 139 2287 226 2321; x_wconf 83' lang='lat' dir='ltr'>stari,</span> <span class='ocrx_word' id='word_1_285' title='bbox 259 2286 413 2320; x_wconf 82' lang='lat' dir='ltr'>antestari,</span> <span class='ocrx_word' id='word_1_286' title='bbox 443 2288 638 2325; x_wconf 86' lang='lat' dir='ltr'>protestando</span> <span class='ocrx_word' id='word_1_287' title='bbox 675 2288 804 2317; x_wconf 84' lang='lat' dir='ltr'>interce-</span> 
     </span>
     <span class='ocr_line' id='line_1_50' title="bbox 139 2329 805 2369; baseline 0.002 -11"><span class='ocrx_word' id='word_1_288' title='bbox 139 2330 222 2358; x_wconf 84' lang='lat' dir='ltr'>dere.</span> <span class='ocrx_word' id='word_1_289' title='bbox 239 2329 436 2368; x_wconf 80' lang='grc' dir='ltr'>διαμαρτυρεῖς</span> <span class='ocrx_word' id='word_1_290' title='bbox 458 2340 522 2369; x_wconf 73' lang='grc' dir='ltr'>πρες</span> <span class='ocrx_word' id='word_1_291' title='bbox 546 2331 633 2367; x_wconf 70' lang='grc' dir='ltr'><strong>ημᾶς,</strong></span> <span class='ocrx_word' id='word_1_292' title='bbox 648 2329 681 2358; x_wconf 66' lang='grc' dir='ltr'>τὸ</span> <span class='ocrx_word' id='word_1_293' title='bbox 704 2330 805 2368; x_wconf 77' lang='grc' dir='ltr'>ὁμολο-</span> 
     </span>
     <span class='ocr_line' id='line_1_51' title="bbox 138 2370 804 2412; baseline 0.002 -11"><span class='ocrx_word' id='word_1_294' title='bbox 138 2372 265 2412; x_wconf 72' lang='grc' dir='ltr'>γούμενον</span> <span class='ocrx_word' id='word_1_295' title='bbox 287 2370 359 2408; x_wconf 74' lang='grc' dir='ltr'>γένος</span> <span class='ocrx_word' id='word_1_296' title='bbox 382 2371 539 2411; x_wconf 76' lang='grc' dir='ltr'>ἐξελαύνων.</span> <span class='ocrx_word' id='word_1_297' title='bbox 567 2372 632 2411; x_wconf 88' lang='lat' dir='ltr'>agis</span> <span class='ocrx_word' id='word_1_298' title='bbox 654 2372 804 2402; x_wconf 85' lang='lat' dir='ltr'>adversus</span> 
     </span>
     <span class='ocr_line' id='line_1_52' title="bbox 139 2413 803 2454; baseline 0.003 -11"><span class='ocrx_word' id='word_1_299' title='bbox 139 2425 194 2444; x_wconf 84' lang='lat' dir='ltr'>nos</span> <span class='ocrx_word' id='word_1_300' title='bbox 209 2424 265 2453; x_wconf 87' lang='lat' dir='ltr'>per</span> <span class='ocrx_word' id='word_1_301' title='bbox 279 2413 491 2454; x_wconf 82' lang='grc' dir='ltr'>διαμαρτυρίαν,</span> <span class='ocrx_word' id='word_1_302' title='bbox 503 2425 615 2454; x_wconf 81' lang='lat' dir='ltr'>negans</span> <span class='ocrx_word' id='word_1_303' title='bbox 632 2414 719 2444; x_wconf 89' lang='lat' dir='ltr'>nobis</span> <span class='ocrx_word' id='word_1_304' title='bbox 735 2426 803 2445; x_wconf 84' lang='lat' dir='ltr'>esse</span> 
     </span>
     <span class='ocr_line' id='line_1_53' title="bbox 140 2457 805 2496; baseline 0.002 -10"><span class='ocrx_word' id='word_1_305' title='bbox 140 2457 279 2494; x_wconf 78' lang='lat' dir='ltr'>petendae</span> <span class='ocrx_word' id='word_1_306' title='bbox 297 2458 349 2496; x_wconf 87' lang='lat' dir='ltr'>jus</span> <span class='ocrx_word' id='word_1_307' title='bbox 371 2458 569 2492; x_wconf 78' lang='lat' dir='ltr'>haereditatis,</span> <span class='ocrx_word' id='word_1_308' title='bbox 586 2467 662 2496; x_wconf 89' lang='lat' dir='ltr'>quos</span> <span class='ocrx_word' id='word_1_309' title='bbox 686 2462 805 2487; x_wconf 84' lang='lat' dir='ltr'>constat</span> 
     </span>
     <span class='ocr_line' id='line_1_54' title="bbox 139 2499 804 2540; baseline 0.002 -12"><span class='ocrx_word' id='word_1_310' title='bbox 139 2499 221 2529; x_wconf 85' lang='lat' dir='ltr'>inter</span> <span class='ocrx_word' id='word_1_311' title='bbox 233 2510 337 2529; x_wconf 89' lang='lat' dir='ltr'>omnes</span> <span class='ocrx_word' id='word_1_312' title='bbox 350 2500 504 2536; x_wconf 83' lang='lat' dir='ltr'>defuncto,</span> <span class='ocrx_word' id='word_1_313' title='bbox 520 2502 558 2530; x_wconf 86' lang='lat' dir='ltr'>de</span> <span class='ocrx_word' id='word_1_314' title='bbox 575 2503 662 2540; x_wconf 86' lang='lat' dir='ltr'>cujus</span> <span class='ocrx_word' id='word_1_315' title='bbox 675 2500 804 2529; x_wconf 84' lang='lat' dir='ltr'>haeredi-</span> 
     </span>
     <span class='ocr_line' id='line_1_55' title="bbox 140 2543 803 2583; baseline 0.003 -13"><span class='ocrx_word' id='word_1_316' title='bbox 140 2545 202 2571; x_wconf 69' lang='lat' dir='ltr'>tate</span> <span class='ocrx_word' id='word_1_317' title='bbox 231 2543 432 2577; x_wconf 80' lang='lat' dir='ltr'>contenditur,</span> <span class='ocrx_word' id='word_1_318' title='bbox 464 2544 610 2583; x_wconf 80' lang='lat' dir='ltr'>sangnine</span> <span class='ocrx_word' id='word_1_319' title='bbox 644 2544 803 2582; x_wconf 83' lang='lat' dir='ltr'>proximos</span> 
     </span>
     <span class='ocr_line' id='line_1_56' title="bbox 142 2585 803 2627; baseline 0.005 -15"><span class='ocrx_word' id='word_1_320' title='bbox 142 2593 233 2619; x_wconf 88' lang='lat' dir='ltr'>esse;</span> <span class='ocrx_word' id='word_1_321' title='bbox 256 2585 503 2624; x_wconf 69' lang='lat' dir='ltr'>haereditatisque</span> <span class='ocrx_word' id='word_1_322' title='bbox 531 2586 725 2627; x_wconf 80' lang='lat' dir='ltr'>possessione</span> <span class='ocrx_word' id='word_1_323' title='bbox 748 2597 803 2615; x_wconf 81' lang='lat' dir='ltr'>nos</span> 
     </span>
     <span class='ocr_line' id='line_1_57' title="bbox 142 2626 803 2666; baseline 0.006 -12"><span class='ocrx_word' id='word_1_324' title='bbox 142 2626 310 2663; x_wconf 76' lang='lat' dir='ltr'>expellens,</span> <span class='ocrx_word' id='word_1_325' title='bbox 332 2633 363 2657; x_wconf 88' lang='lat' dir='ltr'>te</span> <span class='ocrx_word' id='word_1_326' title='bbox 390 2629 487 2658; x_wconf 83' lang='lat' dir='ltr'>solum</span> <span class='ocrx_word' id='word_1_327' title='bbox 511 2629 611 2658; x_wconf 81' lang='lat' dir='ltr'>ferens</span> <span class='ocrx_word' id='word_1_328' title='bbox 636 2629 803 2666; x_wconf 82' lang='lat' dir='ltr'>legitimum</span> 
     </span>
     <span class='ocr_line' id='line_1_58' title="bbox 141 2668 804 2710; baseline 0.008 -14"><span class='ocrx_word' id='word_1_329' title='bbox 141 2668 302 2698; x_wconf 77' lang='lat' dir='ltr'>haeredem.</span> <span class='ocrx_word' id='word_1_330' title='bbox 317 2672 409 2704; x_wconf 85' lang='grc'><strong>1088,</strong></span> <span class='ocrx_word' id='word_1_331' title='bbox 424 2671 478 2700; x_wconf 83' lang='lat' dir='ltr'>ult.</span> <span class='ocrx_word' id='word_1_332' title='bbox 500 2672 593 2702; x_wconf 75' lang='grc' dir='ltr'>οὑτοσὶ</span> <span class='ocrx_word' id='word_1_333' title='bbox 606 2670 690 2701; x_wconf 80' lang='grc' dir='ltr'>τοίνυν</span> <span class='ocrx_word' id='word_1_334' title='bbox 705 2671 804 2710; x_wconf 86' lang='grc' dir='ltr'>διαμε-</span> 
     </span>
     <span class='ocr_line' id='line_1_59' title="bbox 143 2710 804 2749; baseline 0.008 -10"><span class='ocrx_word' id='word_1_335' title='bbox 143 2710 302 2749; x_wconf 80' lang='grc' dir='ltr'>μαρτύρηκε</span> <span class='ocrx_word' id='word_1_336' title='bbox 315 2714 378 2746; x_wconf 78' lang='grc' dir='ltr'>τοὺς</span> <span class='ocrx_word' id='word_1_337' title='bbox 393 2713 440 2742; x_wconf 73' lang='grc' dir='ltr'>οὖν,</span> <span class='ocrx_word' id='word_1_338' title='bbox 451 2712 530 2747; x_wconf 75' lang='grc' dir='ltr'>ὄντας</span> <span class='ocrx_word' id='word_1_339' title='bbox 545 2714 622 2744; x_wconf 73' lang='grc' dir='ltr'>εῖναι.</span> <span class='ocrx_word' id='word_1_340' title='bbox 646 2715 804 2744; x_wconf 84' lang='lat' dir='ltr'>mendacio</span> 
     </span>
     <span class='ocr_line' id='line_1_60' title="bbox 147 2752 805 2793; baseline 0.008 -12"><span class='ocrx_word' id='word_1_341' title='bbox 147 2753 233 2782; x_wconf 83' lang='lat' dir='ltr'>vobis</span> <span class='ocrx_word' id='word_1_342' title='bbox 248 2752 404 2790; x_wconf 83' lang='lat' dir='ltr'>imposuit,</span> <span class='ocrx_word' id='word_1_343' title='bbox 415 2766 473 2793; x_wconf 86' lang='lat' dir='ltr'>quo</span> <span class='ocrx_word' id='word_1_344' title='bbox 486 2767 557 2785; x_wconf 88' lang='lat' dir='ltr'>usus</span> <span class='ocrx_word' id='word_1_345' title='bbox 570 2763 616 2786; x_wconf 88' lang='lat' dir='ltr'>est</span> <span class='ocrx_word' id='word_1_346' title='bbox 630 2758 658 2786; x_wconf 92' lang='lat' dir='ltr'>in</span> <span class='ocrx_word' id='word_1_347' title='bbox 678 2758 805 2786; x_wconf 83' lang='lat' dir='ltr'>formula</span> 
     </span>
     <span class='ocr_line' id='line_1_61' title="bbox 143 2794 804 2834; baseline 0.008 -10"><span class='ocrx_word' id='word_1_348' title='bbox 143 2794 345 2834; x_wconf 80' lang='grc' dir='ltr'>διαμαρτυρίας</span> <span class='ocrx_word' id='word_1_349' title='bbox 370 2807 387 2825; x_wconf 88' lang='lat' dir='ltr'>a</span> <span class='ocrx_word' id='word_1_350' title='bbox 411 2808 444 2826; x_wconf 86' lang='lat' dir='ltr'>se</span> <span class='ocrx_word' id='word_1_351' title='bbox 470 2799 628 2834; x_wconf 67' lang='lat' dir='ltr'>exhibitae,</span> <span class='ocrx_word' id='word_1_352' title='bbox 656 2799 804 2829; x_wconf 88' lang='lat' dir='ltr'>affirmans</span> 
     </span>
     <span class='ocr_line' id='line_1_62' title="bbox 144 2838 805 2880; baseline 0.011 -15"><span class='ocrx_word' id='word_1_353' title='bbox 144 2847 197 2866; x_wconf 88' lang='lat' dir='ltr'>eos</span> <span class='ocrx_word' id='word_1_354' title='bbox 214 2847 284 2866; x_wconf 86' lang='lat' dir='ltr'>esse</span> <span class='ocrx_word' id='word_1_355' title='bbox 300 2838 454 2876; x_wconf 84' lang='lat' dir='ltr'>legitimos</span> <span class='ocrx_word' id='word_1_356' title='bbox 477 2841 625 2877; x_wconf 85' lang='lat' dir='ltr'>haeredes,</span> <span class='ocrx_word' id='word_1_357' title='bbox 652 2843 702 2880; x_wconf 89' lang='lat' dir='ltr'>qui</span> <span class='ocrx_word' id='word_1_358' title='bbox 729 2843 805 2872; x_wconf 87' lang='lat' dir='ltr'>nulli</span> 
     </span>
     <span class='ocr_line' id='line_1_63' title="bbox 144 2882 381 2915; baseline 0.004 -7"><span class='ocrx_word' id='word_1_359' title='bbox 144 2884 223 2909; x_wconf 86' lang='lat' dir='ltr'>sunt.</span> <span class='ocrx_word' id='word_1_360' title='bbox 242 2882 335 2915; x_wconf 86' lang='lat'>1095,</span> <span class='ocrx_word' id='word_1_361' title='bbox 353 2883 381 2909; x_wconf 93' lang='lat'>1.</span> 
     </span>
    </p>

    <p class='ocr_par' dir='ltr' id='par_1_9' title="bbox 102 2922 807 3001">
     <span class='ocr_line' id='line_1_64' title="bbox 102 2922 804 2963; baseline 0.007 -10"><span class='ocrx_word' id='word_1_362' title='bbox 102 2922 363 2963; x_wconf 64' lang='grc' dir='ltr'>διαμαρτύρεσθαι]</span> <span class='ocrx_word' id='word_1_363' title='bbox 402 2925 574 2962; x_wconf 83' lang='lat' dir='ltr'>protestari,</span> <span class='ocrx_word' id='word_1_364' title='bbox 603 2929 804 2957; x_wconf 78' lang='lat' dir='ltr'>contestando</span> 
     </span>
     <span class='ocr_line' id='line_1_65' title="bbox 142 2966 807 3001; baseline 0.006 -6"><span class='ocrx_word' id='word_1_365' title='bbox 142 2966 344 3001; x_wconf 76' lang='lat' dir='ltr'>intercedere,</span> <span class='ocrx_word' id='word_1_366' title='bbox 370 2971 420 2996; x_wconf 89' lang='lat' dir='ltr'>aut</span> <span class='ocrx_word' id='word_1_367' title='bbox 444 2971 474 2996; x_wconf 87' lang='lat' dir='ltr'>et</span> <span class='ocrx_word' id='word_1_368' title='bbox 497 2967 622 2997; x_wconf 83' lang='lat' dir='ltr'>aliorum</span> <span class='ocrx_word' id='word_1_369' title='bbox 641 2969 730 2999; x_wconf 79' lang='lat' dir='ltr'>fidem</span> <span class='ocrx_word' id='word_1_370' title='bbox 753 2971 807 2999; x_wconf 83' lang='lat' dir='ltr'>iin-</span> 
     </span>
    </p>
   </div>
   <div class='ocr_carea' id='block_1_5' title="bbox 869 286 1545 1386">
    <p class='ocr_par' dir='ltr' id='par_1_10' title="bbox 869 286 1545 1386">
     <span class='ocr_line' id='line_1_66' title="bbox 869 286 1539 330; baseline 0.006 -15"><span class='ocrx_word' id='word_1_371' title='bbox 869 286 1003 325; x_wconf 84' lang='lat' dir='ltr'>plorare,</span> <span class='ocrx_word' id='word_1_372' title='bbox 1018 286 1174 316; x_wconf 79' lang='lat' dir='ltr'>obtestari.</span> <span class='ocrx_word' id='word_1_373' title='bbox 1200 287 1345 326; x_wconf 75' lang='grc' dir='ltr'>προῦλεγον</span> <span class='ocrx_word' id='word_1_374' title='bbox 1360 288 1408 318; x_wconf 86' lang='grc' dir='ltr'>και</span> <span class='ocrx_word' id='word_1_375' title='bbox 1425 289 1539 330; x_wconf 84' lang='grc' dir='ltr'>διεμαρ</span> 
     </span>
     <span class='ocr_line' id='line_1_67' title="bbox 869 328 1539 369; baseline 0.007 -11"><span class='ocrx_word' id='word_1_376' title='bbox 869 328 997 369; x_wconf 82' lang='grc' dir='ltr'>τυρόμην</span> <span class='ocrx_word' id='word_1_377' title='bbox 1023 329 1237 368; x_wconf 66' lang='lat' dir='ltr'>praedicebant,</span> <span class='ocrx_word' id='word_1_378' title='bbox 1260 331 1484 368; x_wconf 71' lang='lat' dir='ltr'>denuntiabant,</span> <span class='ocrx_word' id='word_1_379' title='bbox 1508 338 1539 363; x_wconf 85' lang='lat' dir='ltr'>et</span> 
     </span>
     <span class='ocr_line' id='line_1_68' title="bbox 870 372 1537 411; baseline 0.006 -10"><span class='ocrx_word' id='word_1_380' title='bbox 870 372 997 401; x_wconf 89' lang='lat' dir='ltr'>deorum</span> <span class='ocrx_word' id='word_1_381' title='bbox 1015 378 1207 411; x_wconf 84' lang='lat' dir='ltr'>vestramque</span> <span class='ocrx_word' id='word_1_382' title='bbox 1225 373 1313 401; x_wconf 79' lang='lat' dir='ltr'>tidem</span> <span class='ocrx_word' id='word_1_383' title='bbox 1330 376 1474 411; x_wconf 86' lang='lat' dir='ltr'>testabar,</span> <span class='ocrx_word' id='word_1_384' title='bbox 1489 386 1537 405; x_wconf 86' lang='lat' dir='ltr'>me</span> 
     </span>
     <span class='ocr_line' id='line_1_69' title="bbox 871 414 1538 454; baseline 0.009 -11"><span class='ocrx_word' id='word_1_385' title='bbox 871 414 932 444; x_wconf 85' lang='lat' dir='ltr'>ista</span> <span class='ocrx_word' id='word_1_386' title='bbox 955 414 1185 444; x_wconf 84' lang='lat' dir='ltr'>denuntiavisse</span> <span class='ocrx_word' id='word_1_387' title='bbox 1211 418 1291 451; x_wconf 82' lang='lat' dir='ltr'>ante,</span> <span class='ocrx_word' id='word_1_388' title='bbox 1316 421 1405 454; x_wconf 87' lang='lat' dir='ltr'>atque</span> <span class='ocrx_word' id='word_1_389' title='bbox 1428 428 1484 447; x_wconf 85' lang='lat' dir='ltr'>vos</span> <span class='ocrx_word' id='word_1_390' title='bbox 1499 420 1538 449; x_wconf 87' lang='lat' dir='ltr'>de</span> 
     </span>
     <span class='ocr_line' id='line_1_70' title="bbox 872 457 1491 496; baseline 0.005 -10"><span class='ocrx_word' id='word_1_391' title='bbox 872 457 1049 486; x_wconf 86' lang='lat' dir='ltr'>imminente</span> <span class='ocrx_word' id='word_1_392' title='bbox 1065 457 1204 496; x_wconf 84' lang='lat' dir='ltr'>periculo</span> <span class='ocrx_word' id='word_1_393' title='bbox 1221 457 1423 488; x_wconf 84' lang='lat' dir='ltr'>admonuisse.</span> <span class='ocrx_word' id='word_1_394' title='bbox 1435 461 1491 495; x_wconf 83' lang='lat'>73,</span> 
     </span>
     <span class='ocr_line' id='line_1_71' title="bbox 874 463 1538 540; baseline 0.003 -11"><span class='ocrx_word' id='word_1_395' title='bbox 874 502 946 535; x_wconf 75' lang='lat'>240,</span> <span class='ocrx_word' id='word_1_396' title='bbox 964 502 1016 530; x_wconf 76' lang='lat'>26.</span> <span class='ocrx_word' id='word_1_397' title='bbox 1040 500 1107 539; x_wconf 77' lang='grc' dir='ltr'>Βοαν</span> <span class='ocrx_word' id='word_1_398' title='bbox 1120 511 1167 529; x_wconf 82' lang='grc' dir='ltr'>και</span> <span class='ocrx_word' id='word_1_399' title='bbox 1191 499 1447 540; x_wconf 64' lang='grc' dir='ltr'>διαμαρτύρεσθαι.</span> <span class='ocrx_word' id='word_1_400' title='bbox 1465 463 1538 539; x_wconf 64' lang='grc' dir='ltr'><strong>ΞΒΞ,</strong></span> 
     </span>
     <span class='ocr_line' id='line_1_72' title="bbox 874 542 1541 583; baseline 0.006 -12"><span class='ocrx_word' id='word_1_401' title='bbox 874 553 942 582; x_wconf 89' lang='lat' dir='ltr'>pen.</span> <span class='ocrx_word' id='word_1_402' title='bbox 967 544 1041 578; x_wconf 73' lang='lat'>275,</span> <span class='ocrx_word' id='word_1_403' title='bbox 1063 545 1113 572; x_wconf 89' lang='grc'>17.</span> <span class='ocrx_word' id='word_1_404' title='bbox 1138 542 1402 583; x_wconf 82' lang='grc' dir='ltr'>διαμαρτυραμένου</span> <span class='ocrx_word' id='word_1_405' title='bbox 1427 542 1541 575; x_wconf 83' lang='grc' dir='ltr'>ἐναντίον</span> 
     </span>
     <span class='ocr_line' id='line_1_73' title="bbox 872 584 1539 625; baseline 0.006 -12"><span class='ocrx_word' id='word_1_406' title='bbox 872 584 1022 625; x_wconf 75' lang='grc' dir='ltr'>μαρτύρων</span> <span class='ocrx_word' id='word_1_407' title='bbox 1045 598 1087 625; x_wconf 92' lang='grc' dir='ltr'>μη</span> <span class='ocrx_word' id='word_1_408' title='bbox 1113 586 1220 625; x_wconf 75' lang='grc' dir='ltr'>ἂποφαι</span> <span class='ocrx_word' id='word_1_409' title='bbox 1214 584 1326 615; x_wconf 73' lang='grc' dir='ltr'>ἔνεσθαι.</span> <span class='ocrx_word' id='word_1_410' title='bbox 1353 596 1421 615; x_wconf 87' lang='grc'><strong>011111</strong></span> <span class='ocrx_word' id='word_1_411' title='bbox 1445 587 1539 617; x_wconf 85' lang='lat' dir='ltr'>inter-</span> 
     </span>
     <span class='ocr_line' id='line_1_74' title="bbox 874 626 1540 670; baseline 0.005 -14"><span class='ocrx_word' id='word_1_412' title='bbox 874 628 1006 657; x_wconf 82' lang='lat' dir='ltr'>dixisset</span> <span class='ocrx_word' id='word_1_413' title='bbox 1030 638 1135 658; x_wconf 86' lang='lat' dir='ltr'>coram</span> <span class='ocrx_word' id='word_1_414' title='bbox 1161 629 1304 664; x_wconf 87' lang='lat' dir='ltr'>testibus,</span> <span class='ocrx_word' id='word_1_415' title='bbox 1328 639 1365 657; x_wconf 92' lang='lat' dir='ltr'>ne</span> <span class='ocrx_word' id='word_1_416' title='bbox 1391 626 1540 670; x_wconf 81' lang='lat' dir='ltr'>(a1biter)</span> 
     </span>
     <span class='ocr_line' id='line_1_75' title="bbox 875 670 1540 723; baseline 0.005 -25"><span class='ocrx_word' id='word_1_417' title='bbox 875 671 1095 723; x_wconf 86' lang='lat' dir='ltr'>pronuntiaret.</span> <span class='ocrx_word' id='word_1_418' title='bbox 1128 673 1201 706; x_wconf 87' lang='lat'>899,</span> <span class='ocrx_word' id='word_1_419' title='bbox 1234 673 1264 701; x_wconf 88' lang='lat'>6.</span> <span class='ocrx_word' id='word_1_420' title='bbox 1308 670 1540 711; x_wconf 85' lang='grc' dir='ltr'>διεμαρτυρόμην,</span> 
     </span>
     <span class='ocr_line' id='line_1_76' title="bbox 874 710 1542 754; baseline 0.004 -13"><span class='ocrx_word' id='word_1_421' title='bbox 874 712 955 746; x_wconf 72' lang='grc' dir='ltr'>δἀης</span> <span class='ocrx_word' id='word_1_422' title='bbox 967 725 1009 752; x_wconf 87' lang='grc' dir='ltr'>μη</span> <span class='ocrx_word' id='word_1_423' title='bbox 1024 725 1075 752; x_wconf 85' lang='grc' dir='ltr'>μοι</span> <span class='ocrx_word' id='word_1_424' title='bbox 1091 710 1202 753; x_wconf 80' lang='grc' dir='ltr'>υστερον</span> <span class='ocrx_word' id='word_1_425' title='bbox 1216 713 1476 754; x_wconf 70' lang='grc' dir='ltr'>κατεσκευασμένοι</span> <span class='ocrx_word' id='word_1_426' title='bbox 1493 715 1542 744; x_wconf 85' lang='grc' dir='ltr'>δα-</span> 
     </span>
     <span class='ocr_line' id='line_1_77' title="bbox 874 755 1540 794; baseline 0.005 -10"><span class='ocrx_word' id='word_1_427' title='bbox 874 755 984 785; x_wconf 77' lang='grc' dir='ltr'>νεισταὶ</span> <span class='ocrx_word' id='word_1_428' title='bbox 1002 756 1190 793; x_wconf 76' lang='grc' dir='ltr'>φανησωνται.</span> <span class='ocrx_word' id='word_1_429' title='bbox 1213 761 1381 794; x_wconf 81' lang='lat' dir='ltr'>piaesentes</span> <span class='ocrx_word' id='word_1_430' title='bbox 1407 762 1540 787; x_wconf 82' lang='lat' dir='ltr'>antesta-</span> 
     </span>
     <span class='ocr_line' id='line_1_78' title="bbox 875 798 1540 840; baseline 0.005 -13"><span class='ocrx_word' id='word_1_431' title='bbox 875 798 999 834; x_wconf 83' lang='lat' dir='ltr'>bar,me</span> <span class='ocrx_word' id='word_1_432' title='bbox 1012 799 1085 828; x_wconf 86' lang='lat' dir='ltr'>nibil</span> <span class='ocrx_word' id='word_1_433' title='bbox 1101 799 1149 828; x_wconf 86' lang='lat' dir='ltr'>hic</span> <span class='ocrx_word' id='word_1_434' title='bbox 1165 809 1288 828; x_wconf 84' lang='lat' dir='ltr'>cernere</span> <span class='ocrx_word' id='word_1_435' title='bbox 1304 799 1442 837; x_wconf 88' lang='lat' dir='ltr'>palorum</span> <span class='ocrx_word' id='word_1_436' title='bbox 1453 801 1540 840; x_wconf 88' lang='lat' dir='ltr'>oppi-</span> 
     </span>
     <span class='ocr_line' id='line_1_79' title="bbox 878 841 1541 882; baseline 0.008 -14"><span class='ocrx_word' id='word_1_437' title='bbox 878 842 1080 878; x_wconf 80' lang='lat' dir='ltr'>gnerationem</span> <span class='ocrx_word' id='word_1_438' title='bbox 1091 842 1198 879; x_wconf 64' lang='lat' dir='ltr'>factam</span> <span class='ocrx_word' id='word_1_439' title='bbox 1208 841 1418 876; x_wconf 89' lang='lat' dir='ltr'>indicantium,</span> <span class='ocrx_word' id='word_1_440' title='bbox 1427 853 1541 882; x_wconf 88' lang='lat' dir='ltr'>eosque</span> 
     </span>
     <span class='ocr_line' id='line_1_80' title="bbox 877 882 1543 925; baseline 0.009 -15"><span class='ocrx_word' id='word_1_441' title='bbox 877 882 909 911; x_wconf 86' lang='lat' dir='ltr'>id</span> <span class='ocrx_word' id='word_1_442' title='bbox 932 884 1175 913; x_wconf 88' lang='lat' dir='ltr'>commeminisse</span> <span class='ocrx_word' id='word_1_443' title='bbox 1193 884 1351 925; x_wconf 83' lang='lat' dir='ltr'>jubebam,</span> <span class='ocrx_word' id='word_1_444' title='bbox 1374 895 1434 923; x_wconf 90' lang='lat' dir='ltr'>quo</span> <span class='ocrx_word' id='word_1_445' title='bbox 1457 890 1543 924; x_wconf 88' lang='lat' dir='ltr'>post-</span> 
     </span>
     <span class='ocr_line' id='line_1_81' title="bbox 876 925 1543 966; baseline 0.007 -13"><span class='ocrx_word' id='word_1_446' title='bbox 876 926 1000 954; x_wconf 87' lang='lat' dir='ltr'>modum</span> <span class='ocrx_word' id='word_1_447' title='bbox 1025 925 1110 954; x_wconf 86' lang='lat' dir='ltr'>citati</span> <span class='ocrx_word' id='word_1_448' title='bbox 1136 931 1321 955; x_wconf 82' lang='lat' dir='ltr'>testarentur</span> <span class='ocrx_word' id='word_1_449' title='bbox 1342 928 1415 956; x_wconf 82' lang='lat' dir='ltr'>mihi</span> <span class='ocrx_word' id='word_1_450' title='bbox 1440 934 1543 966; x_wconf 88' lang='lat' dir='ltr'>prote—</span> 
     </span>
     <span class='ocr_line' id='line_1_82' title="bbox 877 968 1545 1007; baseline 0.007 -11"><span class='ocrx_word' id='word_1_451' title='bbox 877 968 1039 998; x_wconf 81' lang='lat' dir='ltr'>stationem</span> <span class='ocrx_word' id='word_1_452' title='bbox 1056 968 1269 1007; x_wconf 84' lang='lat' dir='ltr'>interponenti,</span> <span class='ocrx_word' id='word_1_453' title='bbox 1285 969 1310 998; x_wconf 88' lang='lat' dir='ltr'>si</span> <span class='ocrx_word' id='word_1_454' title='bbox 1322 969 1400 999; x_wconf 81' lang='lat' dir='ltr'>forte</span> <span class='ocrx_word' id='word_1_455' title='bbox 1415 980 1473 1000; x_wconf 90' lang='lat' dir='ltr'>usu</span> <span class='ocrx_word' id='word_1_456' title='bbox 1490 982 1545 1001; x_wconf 84' lang='lat' dir='ltr'>ve-</span> 
     </span>
     <span class='ocr_line' id='line_1_83' title="bbox 876 1010 1540 1045; baseline 0.008 -6"><span class='ocrx_word' id='word_1_457' title='bbox 876 1010 949 1045; x_wconf 86' lang='lat' dir='ltr'>niat,</span> <span class='ocrx_word' id='word_1_458' title='bbox 981 1015 1014 1040; x_wconf 90' lang='lat' dir='ltr'>ut</span> <span class='ocrx_word' id='word_1_459' title='bbox 1042 1011 1210 1040; x_wconf 83' lang='lat' dir='ltr'>creditores</span> <span class='ocrx_word' id='word_1_460' title='bbox 1249 1011 1402 1041; x_wconf 84' lang='lat' dir='ltr'>exsistant</span> <span class='ocrx_word' id='word_1_461' title='bbox 1439 1015 1540 1044; x_wconf 88' lang='lat' dir='ltr'>subito</span> 
     </span>
     <span class='ocr_line' id='line_1_84' title="bbox 878 1053 1542 1092; baseline 0.008 -10"><span class='ocrx_word' id='word_1_462' title='bbox 878 1053 1022 1082; x_wconf 83' lang='lat' dir='ltr'>submissi</span> <span class='ocrx_word' id='word_1_463' title='bbox 1047 1058 1136 1091; x_wconf 83' lang='lat' dir='ltr'>atque</span> <span class='ocrx_word' id='word_1_464' title='bbox 1167 1053 1335 1088; x_wconf 85' lang='lat' dir='ltr'>subornati,</span> <span class='ocrx_word' id='word_1_465' title='bbox 1358 1055 1542 1092; x_wconf 85' lang='lat' dir='ltr'>precibusve</span> 
     </span>
     <span class='ocr_line' id='line_1_85' title="bbox 877 1095 1543 1135; baseline 0.008 -11"><span class='ocrx_word' id='word_1_466' title='bbox 877 1095 1003 1130; x_wconf 88' lang='lat' dir='ltr'>inducti,</span> <span class='ocrx_word' id='word_1_467' title='bbox 1020 1096 1073 1135; x_wconf 84' lang='lat' dir='ltr'>qui</span> <span class='ocrx_word' id='word_1_468' title='bbox 1089 1106 1120 1124; x_wconf 90' lang='lat' dir='ltr'>se</span> <span class='ocrx_word' id='word_1_469' title='bbox 1138 1095 1279 1125; x_wconf 84' lang='lat' dir='ltr'>simulent</span> <span class='ocrx_word' id='word_1_470' title='bbox 1301 1096 1331 1124; x_wconf 89' lang='lat' dir='ltr'>in</span> <span class='ocrx_word' id='word_1_471' title='bbox 1355 1097 1409 1126; x_wconf 89' lang='lat' dir='ltr'>hos</span> <span class='ocrx_word' id='word_1_472' title='bbox 1432 1098 1543 1130; x_wconf 83' lang='lat' dir='ltr'>fundos</span> 
     </span>
     <span class='ocr_line' id='line_1_86' title="bbox 877 1138 1544 1176; baseline 0.006 -10"><span class='ocrx_word' id='word_1_473' title='bbox 877 1138 1023 1176; x_wconf 82' lang='lat' dir='ltr'>pecunias</span> <span class='ocrx_word' id='word_1_474' title='bbox 1052 1138 1172 1168; x_wconf 88' lang='lat' dir='ltr'>credito</span> <span class='ocrx_word' id='word_1_475' title='bbox 1199 1138 1346 1168; x_wconf 85' lang='lat' dir='ltr'>elocasse.</span> <span class='ocrx_word' id='word_1_476' title='bbox 1373 1142 1467 1176; x_wconf 82' lang='lat'>1047,</span> <span class='ocrx_word' id='word_1_477' title='bbox 1489 1144 1544 1173; x_wconf 71' lang='lat'>23.</span> 
     </span>
     <span class='ocr_line' id='line_1_87' title="bbox 878 1180 1544 1220; baseline 0.008 -11"><span class='ocrx_word' id='word_1_478' title='bbox 878 1183 974 1216; x_wconf 84' lang='lat'>1091,</span> <span class='ocrx_word' id='word_1_479' title='bbox 1005 1182 1056 1212; x_wconf 75' lang='lat'>26.</span> <span class='ocrx_word' id='word_1_480' title='bbox 1093 1180 1130 1220; x_wconf 89' lang='lat' dir='ltr'>b)</span> <span class='ocrx_word' id='word_1_481' title='bbox 1156 1182 1279 1217; x_wconf 86' lang='lat' dir='ltr'>docere,</span> <span class='ocrx_word' id='word_1_482' title='bbox 1300 1182 1473 1219; x_wconf 80' lang='lat' dir='ltr'>admonere,</span> <span class='ocrx_word' id='word_1_483' title='bbox 1496 1186 1544 1214; x_wconf 87' lang='lat' dir='ltr'>di-</span> 
     </span>
     <span class='ocr_line' id='line_1_88' title="bbox 878 1223 1545 1256; baseline 0.006 -4"><span class='ocrx_word' id='word_1_484' title='bbox 878 1224 967 1252; x_wconf 82' lang='lat' dir='ltr'>sertis</span> <span class='ocrx_word' id='word_1_485' title='bbox 984 1223 1087 1252; x_wconf 84' lang='lat' dir='ltr'>verbis</span> <span class='ocrx_word' id='word_1_486' title='bbox 1111 1227 1140 1251; x_wconf 91' lang='lat' dir='ltr'>et</span> <span class='ocrx_word' id='word_1_487' title='bbox 1165 1223 1248 1252; x_wconf 85' lang='lat' dir='ltr'>clara</span> <span class='ocrx_word' id='word_1_488' title='bbox 1264 1233 1341 1252; x_wconf 82' lang='lat' dir='ltr'>voce</span> <span class='ocrx_word' id='word_1_489' title='bbox 1358 1225 1387 1252; x_wconf 93' lang='lat' dir='ltr'>in</span> <span class='ocrx_word' id='word_1_490' title='bbox 1404 1231 1545 1256; x_wconf 87' lang='lat' dir='ltr'>anteces-</span> 
     </span>
     <span class='ocr_line' id='line_1_89' title="bbox 878 1265 1544 1304; baseline 0.008 -10"><span class='ocrx_word' id='word_1_491' title='bbox 878 1276 956 1300; x_wconf 83' lang='lat' dir='ltr'>sum,</span> <span class='ocrx_word' id='word_1_492' title='bbox 973 1276 1011 1295; x_wconf 91' lang='lat' dir='ltr'>ne</span> <span class='ocrx_word' id='word_1_493' title='bbox 1027 1265 1095 1304; x_wconf 87' lang='lat' dir='ltr'>quis</span> <span class='ocrx_word' id='word_1_494' title='bbox 1117 1271 1251 1294; x_wconf 53' lang='lat' dir='ltr'>errorem</span> <span class='ocrx_word' id='word_1_495' title='bbox 1275 1267 1471 1304; x_wconf 86' lang='lat' dir='ltr'>postmodnm</span> <span class='ocrx_word' id='word_1_496' title='bbox 1489 1280 1544 1299; x_wconf 79' lang='lat' dir='ltr'>ex-</span> 
     </span>
     <span class='ocr_line' id='line_1_90' title="bbox 877 1306 1544 1350; baseline 0.006 -14"><span class='ocrx_word' id='word_1_497' title='bbox 877 1312 971 1337; x_wconf 85' lang='lat' dir='ltr'>cuset.</span> <span class='ocrx_word' id='word_1_498' title='bbox 993 1308 1005 1336; x_wconf 79' lang='grc' dir='ltr'><strong><em>ὁ</em></strong></span> <span class='ocrx_word' id='word_1_499' title='bbox 1028 1307 1109 1346; x_wconf 84' lang='grc' dir='ltr'>νόμος</span> <span class='ocrx_word' id='word_1_500' title='bbox 1129 1306 1211 1342; x_wconf 69' lang='grc' dir='ltr'>αὐτός</span> <span class='ocrx_word' id='word_1_501' title='bbox 1240 1308 1475 1350; x_wconf 83' lang='grc' dir='ltr'>διαμαρτύρεται,</span> <span class='ocrx_word' id='word_1_502' title='bbox 1498 1323 1544 1342; x_wconf 87' lang='grc' dir='ltr'>κε-</span> 
     </span>
     <span class='ocr_line' id='line_1_91' title="bbox 878 1350 1146 1386; baseline 0 -7"><span class='ocrx_word' id='word_1_503' title='bbox 878 1350 1078 1386; x_wconf 75' lang='grc' dir='ltr'><strong>λεύων-919,</strong></span> <span class='ocrx_word' id='word_1_504' title='bbox 1096 1353 1146 1380; x_wconf 68' lang='lat'>⁶21.</span> 
     </span>
    </p>
   </div>
   <div class='ocr_carea' id='block_1_6' title="bbox 835 1390 1546 1437">
    <p class='ocr_par' dir='ltr' id='par_1_11' title="bbox 835 1390 1546 1437">
     <span class='ocr_line' id='line_1_92' title="bbox 835 1390 1546 1437; baseline 0.007 -15"><span class='ocrx_word' id='word_1_505' title='bbox 835 1390 1038 1434; x_wconf 80' lang='grc' dir='ltr'>διαμαρτυρία]</span> <span class='ocrx_word' id='word_1_506' title='bbox 1063 1398 1111 1423; x_wconf 86' lang='lat' dir='ltr'>est</span> <span class='ocrx_word' id='word_1_507' title='bbox 1136 1394 1214 1423; x_wconf 87' lang='lat' dir='ltr'>actio</span> <span class='ocrx_word' id='word_1_508' title='bbox 1241 1395 1402 1433; x_wconf 86' lang='lat' dir='ltr'>ejusmodi,</span> <span class='ocrx_word' id='word_1_509' title='bbox 1425 1397 1464 1426; x_wconf 92' lang='lat' dir='ltr'>de</span> <span class='ocrx_word' id='word_1_510' title='bbox 1487 1408 1546 1437; x_wconf 82' lang='lat' dir='ltr'>qua</span> 
     </span>
    </p>
   </div>
   <div class='ocr_carea' id='block_1_7' title="bbox 878 1437 1549 1776">
    <p class='ocr_par' dir='ltr' id='par_1_12' title="bbox 878 1437 1549 1776">
     <span class='ocr_line' id='line_1_93' title="bbox 878 1437 1546 1476; baseline 0.006 -11"><span class='ocrx_word' id='word_1_511' title='bbox 878 1437 968 1465; x_wconf 85' lang='lat' dir='ltr'>modo</span> <span class='ocrx_word' id='word_1_512' title='bbox 985 1437 1100 1466; x_wconf 83' lang='lat' dir='ltr'>dictum</span> <span class='ocrx_word' id='word_1_513' title='bbox 1117 1441 1176 1471; x_wconf 85' lang='lat' dir='ltr'>est,</span> <span class='ocrx_word' id='word_1_514' title='bbox 1186 1447 1256 1466; x_wconf 86' lang='lat' dir='ltr'>cnm</span> <span class='ocrx_word' id='word_1_515' title='bbox 1273 1438 1341 1476; x_wconf 86' lang='lat' dir='ltr'>quis</span> <span class='ocrx_word' id='word_1_516' title='bbox 1358 1438 1546 1469; x_wconf 85' lang='lat' dir='ltr'>haereditatis</span> 
     </span>
     <span class='ocr_line' id='line_1_94' title="bbox 878 1479 1546 1520; baseline 0.006 -12"><span class='ocrx_word' id='word_1_517' title='bbox 878 1479 1040 1518; x_wconf 84' lang='lat' dir='ltr'>petitorem</span> <span class='ocrx_word' id='word_1_518' title='bbox 1074 1480 1234 1509; x_wconf 83' lang='lat' dir='ltr'>exclusum</span> <span class='ocrx_word' id='word_1_519' title='bbox 1264 1480 1289 1509; x_wconf 86' lang='lat' dir='ltr'>it</span> <span class='ocrx_word' id='word_1_520' title='bbox 1322 1480 1546 1520; x_wconf 84' lang='lat' dir='ltr'>interponenda</span> 
     </span>
     <span class='ocr_line' id='line_1_95' title="bbox 878 1522 1547 1563; baseline 0.006 -12"><span class='ocrx_word' id='word_1_521' title='bbox 878 1522 1109 1560; x_wconf 78' lang='lat' dir='ltr'>protestatione,</span> <span class='ocrx_word' id='word_1_522' title='bbox 1120 1533 1153 1552; x_wconf 84' lang='lat' dir='ltr'>se</span> <span class='ocrx_word' id='word_1_523' title='bbox 1165 1522 1297 1552; x_wconf 85' lang='lat' dir='ltr'>aliumve</span> <span class='ocrx_word' id='word_1_524' title='bbox 1311 1525 1485 1563; x_wconf 86' lang='lat' dir='ltr'>quempiam</span> <span class='ocrx_word' id='word_1_525' title='bbox 1496 1528 1547 1563; x_wconf 84' lang='lat' dir='ltr'>ju-</span> 
     </span>
     <span class='ocr_line' id='line_1_96' title="bbox 878 1565 1548 1604; baseline 0.006 -11"><span class='ocrx_word' id='word_1_526' title='bbox 878 1575 910 1593; x_wconf 86' lang='lat' dir='ltr'>re</span> <span class='ocrx_word' id='word_1_527' title='bbox 935 1565 1122 1594; x_wconf 64' lang='lat' dir='ltr'>haereditatis</span> <span class='ocrx_word' id='word_1_528' title='bbox 1145 1566 1291 1594; x_wconf 84' lang='lat' dir='ltr'>adeundae</span> <span class='ocrx_word' id='word_1_529' title='bbox 1307 1572 1462 1604; x_wconf 87' lang='lat' dir='ltr'>praestare.</span> <span class='ocrx_word' id='word_1_530' title='bbox 1487 1568 1548 1597; x_wconf 88' lang='grc' dir='ltr'>δια-</span> 
     </span>
     <span class='ocr_line' id='line_1_97' title="bbox 878 1606 1548 1649; baseline 0.007 -14"><span class='ocrx_word' id='word_1_531' title='bbox 878 1607 1034 1646; x_wconf 81' lang='grc' dir='ltr'>μαρτυρίαν</span> <span class='ocrx_word' id='word_1_532' title='bbox 1049 1606 1136 1644; x_wconf 50' lang='lat' dir='ltr'>tensi</span> <span class='ocrx_word' id='word_1_533' title='bbox 1150 1607 1214 1647; x_wconf 76' lang='grc' dir='ltr'>πρὸς</span> <span class='ocrx_word' id='word_1_534' title='bbox 1232 1608 1274 1646; x_wconf 65' lang='grc' dir='ltr'>τῷ</span> <span class='ocrx_word' id='word_1_535' title='bbox 1287 1608 1401 1649; x_wconf 85' lang='grc' dir='ltr'>ἄρχοντι</span> <span class='ocrx_word' id='word_1_536' title='bbox 1427 1612 1548 1641; x_wconf 73' lang='grc' dir='ltr'>ποιησά-</span> 
     </span>
     <span class='ocr_line' id='line_1_98' title="bbox 878 1651 1549 1692; baseline 0.009 -14"><span class='ocrx_word' id='word_1_537' title='bbox 878 1661 968 1688; x_wconf 81' lang='grc' dir='ltr'>μενος.</span> <span class='ocrx_word' id='word_1_538' title='bbox 992 1653 1087 1684; x_wconf 86' lang='grc'><strong>1080,</strong></span> <span class='ocrx_word' id='word_1_539' title='bbox 1114 1661 1183 1688; x_wconf 84' lang='lat' dir='ltr'>pen.</span> <span class='ocrx_word' id='word_1_540' title='bbox 1217 1662 1245 1679; x_wconf 90' lang='grc' dir='ltr'>αι</span> <span class='ocrx_word' id='word_1_541' title='bbox 1270 1651 1470 1692; x_wconf 86' lang='grc' dir='ltr'>διαμαρτυρίαι</span> <span class='ocrx_word' id='word_1_542' title='bbox 1492 1656 1549 1684; x_wconf 78' lang='grc' dir='ltr'>τῶν</span> 
     </span>
     <span class='ocr_line' id='line_1_99' title="bbox 880 1692 1549 1736; baseline 0.007 -16"><span class='ocrx_word' id='word_1_543' title='bbox 880 1693 989 1730; x_wconf 69' lang='grc' dir='ltr'><strong><em>ἀγωνων</em></strong></span> <span class='ocrx_word' id='word_1_544' title='bbox 1016 1692 1188 1722; x_wconf 77' lang='grc' dir='ltr'>ἀδικώτατοι</span> <span class='ocrx_word' id='word_1_545' title='bbox 1221 1705 1269 1722; x_wconf 85' lang='grc' dir='ltr'>και</span> <span class='ocrx_word' id='word_1_546' title='bbox 1298 1695 1437 1729; x_wconf 75' lang='grc' dir='ltr'>πλείστης</span> <span class='ocrx_word' id='word_1_547' title='bbox 1471 1708 1549 1736; x_wconf 69' lang='grc' dir='ltr'>οργης</span> 
     </span>
     <span class='ocr_line' id='line_1_100' title="bbox 881 1735 1438 1776; baseline 0.009 -13"><span class='ocrx_word' id='word_1_548' title='bbox 881 1735 951 1773; x_wconf 76' lang='grc' dir='ltr'>ἄξιοι</span> <span class='ocrx_word' id='word_1_549' title='bbox 967 1747 1026 1768; x_wconf 83' lang='grc' dir='ltr'>τοις</span> <span class='ocrx_word' id='word_1_550' title='bbox 1040 1735 1257 1776; x_wconf 72' lang='grc' dir='ltr'>ἀγωνιζομένοις.</span> <span class='ocrx_word' id='word_1_551' title='bbox 1275 1739 1369 1774; x_wconf 81' lang='grc'><strong>1097,</strong></span> <span class='ocrx_word' id='word_1_552' title='bbox 1388 1740 1438 1768; x_wconf 86' lang='grc'>19.</span> 
     </span>
    </p>
   </div>
   <div class='ocr_carea' id='block_1_8' title="bbox 838 1776 1548 1873">
    <p class='ocr_par' dir='ltr' id='par_1_13' title="bbox 838 1776 1536 1863">
     <span class='ocr_line' id='line_1_101' title="bbox 838 1776 1313 1818; baseline 0.009 -14"><span class='ocrx_word' id='word_1_553' title='bbox 838 1776 1037 1818; x_wconf 82' lang='grc' dir='ltr'>διαμαχεσθαι</span> <span class='ocrx_word' id='word_1_554' title='bbox 1050 1778 1124 1817; x_wconf 65' lang='grc' dir='ltr'>πρός</span> <span class='ocrx_word' id='word_1_555' title='bbox 1137 1790 1176 1807; x_wconf 89' lang='grc' dir='ltr'>τι.</span> <span class='ocrx_word' id='word_1_556' title='bbox 1190 1781 1266 1814; x_wconf 74' lang='lat'>217,</span> <span class='ocrx_word' id='word_1_557' title='bbox 1284 1782 1313 1809; x_wconf 73' lang='grc' dir='ltr'>Ξ.</span> 
     </span>
     <span class='ocr_line' id='line_1_102' title="bbox 839 1819 1548 1873; baseline 0.007 -25"><span class='ocrx_word' id='word_1_558' title='bbox 839 1819 989 1860; x_wconf 81' lang='grc' dir='ltr'>διαμένειν]</span> <span class='ocrx_word' id='word_1_559' title='bbox 1014 1819 1089 1854; x_wconf 57' lang='lat' dir='ltr'>&amp;orm</span> <span class='ocrx_word' id='word_1_560' title='bbox 1107 1832 1152 1850; x_wconf 83' lang='grc' dir='ltr'>τον</span> <span class='ocrx_word' id='word_1_561' title='bbox 1168 1832 1293 1850; x_wconf 66' lang='grc' dir='ltr'>αωαντα</span> <span class='ocrx_word' id='word_1_562' title='bbox 1309 1822 1398 1873; x_wconf 81' lang='grc' dir='ltr'>χρόνον</span> <span class='ocrx_word' id='word_1_563' title='bbox 1415 1822 1548 1862; x_wconf 76' lang='grc' dir='ltr'>διαμενεῖ.</span> 
     </span>
    </p>
   </div>
   <div class='ocr_carea' id='block_1_9' title="bbox 881 1862 1551 2115">
    <p class='ocr_par' dir='ltr' id='par_1_14' title="bbox 881 1862 1551 2115">
     <span class='ocr_line' id='line_1_103' title="bbox 881 1862 1549 1904; baseline 0.005 -12"><span class='ocrx_word' id='word_1_564' title='bbox 881 1865 955 1897; x_wconf 68' lang='lat'>332²,</span> <span class='ocrx_word' id='word_1_565' title='bbox 970 1866 1019 1893; x_wconf 90' lang='grc'>17</span> <span class='ocrx_word' id='word_1_566' title='bbox 1044 1862 1076 1893; x_wconf 79' lang='grc' dir='ltr'><em>τό</em></span> <span class='ocrx_word' id='word_1_567' title='bbox 1089 1864 1243 1904; x_wconf 78' lang='grc' dir='ltr'>διευτυχεῖν</span> <span class='ocrx_word' id='word_1_568' title='bbox 1257 1877 1292 1894; x_wconf 86' lang='grc' dir='ltr'>τη</span> <span class='ocrx_word' id='word_1_569' title='bbox 1306 1863 1384 1894; x_wconf 86' lang='grc' dir='ltr'>ουσία</span> <span class='ocrx_word' id='word_1_570' title='bbox 1394 1877 1422 1895; x_wconf 85' lang='grc' dir='ltr'>ου</span> <span class='ocrx_word' id='word_1_571' title='bbox 1432 1868 1549 1901; x_wconf 78' lang='grc' dir='ltr'>πολλοῖς</span> 
     </span>
     <span class='ocr_line' id='line_1_104' title="bbox 883 1898 1547 1948; baseline 0.009 -15"><span class='ocrx_word' id='word_1_572' title='bbox 883 1905 1018 1944; x_wconf 82' lang='grc' dir='ltr'>διαμένειν</span> <span class='ocrx_word' id='word_1_573' title='bbox 1046 1905 1180 1936; x_wconf 87' lang='grc' dir='ltr'>ειθισται.</span> <span class='ocrx_word' id='word_1_574' title='bbox 1209 1898 1304 1943; x_wconf 76' lang='grc'><strong>1040,</strong></span> <span class='ocrx_word' id='word_1_575' title='bbox 1320 1908 1351 1937; x_wconf 90' lang='grc'>5.</span> <span class='ocrx_word' id='word_1_576' title='bbox 1381 1909 1419 1938; x_wconf 88' lang='lat' dir='ltr'>de</span> <span class='ocrx_word' id='word_1_577' title='bbox 1448 1909 1547 1948; x_wconf 90' lang='lat' dir='ltr'>copiis</span> 
     </span>
     <span class='ocr_line' id='line_1_105' title="bbox 882 1949 1546 1990; baseline 0.008 -14"><span class='ocrx_word' id='word_1_578' title='bbox 882 1949 1078 1988; x_wconf 66' lang='lat' dir='ltr'>cc‘nscriptiS,</span> <span class='ocrx_word' id='word_1_579' title='bbox 1095 1960 1162 1988; x_wconf 83' lang='lat' dir='ltr'>quae</span> <span class='ocrx_word' id='word_1_580' title='bbox 1178 1957 1309 1985; x_wconf 81' lang='lat' dir='ltr'>manent,</span> <span class='ocrx_word' id='word_1_581' title='bbox 1327 1961 1425 1990; x_wconf 67' lang='lat' dir='ltr'>*teque</span> <span class='ocrx_word' id='word_1_582' title='bbox 1441 1962 1546 1981; x_wconf 79' lang='lat' dir='ltr'>rursus</span> 
     </span>
     <span class='ocr_line' id='line_1_106' title="bbox 883 1991 1551 2030; baseline 0.007 -11"><span class='ocrx_word' id='word_1_583' title='bbox 883 1991 1055 2021; x_wconf 84' lang='lat' dir='ltr'>discedunt.</span> <span class='ocrx_word' id='word_1_584' title='bbox 1079 1991 1218 2030; x_wconf 80' lang='grc' dir='ltr'>διαμεῖναι</span> <span class='ocrx_word' id='word_1_585' title='bbox 1245 1993 1401 2029; x_wconf 72' lang='grc' dir='ltr'>δυνέσεται,</span> <span class='ocrx_word' id='word_1_586' title='bbox 1424 1993 1494 2028; x_wconf 75' lang='grc' dir='ltr'>τέως</span> <span class='ocrx_word' id='word_1_587' title='bbox 1519 1996 1551 2025; x_wconf 74' lang='grc' dir='ltr'>ἂν</span> 
     </span>
     <span class='ocr_line' id='line_1_107' title="bbox 882 2033 1548 2075; baseline 0.006 -12"><span class='ocrx_word' id='word_1_588' title='bbox 882 2033 1088 2074; x_wconf 77' lang='grc' dir='ltr'>περιγενώμεθα</span> <span class='ocrx_word' id='word_1_589' title='bbox 1104 2037 1158 2063; x_wconf 73' lang='grc' dir='ltr'>τῶν</span> <span class='ocrx_word' id='word_1_590' title='bbox 1173 2033 1285 2075; x_wconf 67' lang='grc' dir='ltr'>ἐχθρῶν.</span> <span class='ocrx_word' id='word_1_591' title='bbox 1305 2039 1398 2072; x_wconf 71' lang='lat'>1432,</span> <span class='ocrx_word' id='word_1_592' title='bbox 1412 2038 1464 2066; x_wconf 84' lang='lat' dir='ltr'>ult.</span> <span class='ocrx_word' id='word_1_593' title='bbox 1489 2038 1548 2067; x_wconf 85' lang='grc' dir='ltr'>δια-</span> 
     </span>
     <span class='ocr_line' id='line_1_108' title="bbox 882 2076 1489 2115; baseline 0.008 -10"><span class='ocrx_word' id='word_1_594' title='bbox 882 2076 958 2114; x_wconf 83' lang='grc' dir='ltr'>μένω</span> <span class='ocrx_word' id='word_1_595' title='bbox 975 2076 1073 2114; x_wconf 73' lang='grc' dir='ltr'>λέγων,</span> <span class='ocrx_word' id='word_1_596' title='bbox 1090 2087 1146 2115; x_wconf 78' lang='lat' dir='ltr'>pro</span> <span class='ocrx_word' id='word_1_597' title='bbox 1163 2079 1284 2107; x_wconf 69' lang='grc' dir='ltr'>διατελῶ</span> <span class='ocrx_word' id='word_1_598' title='bbox 1301 2084 1330 2107; x_wconf 97' lang='grc' dir='ltr'>λ.</span> <span class='ocrx_word' id='word_1_599' title='bbox 1348 2082 1420 2113; x_wconf 90' lang='grc'><strong>107,</strong></span> <span class='ocrx_word' id='word_1_600' title='bbox 1437 2082 1489 2110; x_wconf 68' lang='lat'>521.</span> 
     </span>
    </p>
   </div>
   <div class='ocr_carea' id='block_1_10' title="bbox 841 2117 1550 2162">
    <p class='ocr_par' dir='ltr' id='par_1_15' title="bbox 841 2117 1550 2162">
     <span class='ocr_line' id='line_1_109' title="bbox 841 2117 1550 2162; baseline 0.01 -16"><span class='ocrx_word' id='word_1_601' title='bbox 841 2117 1011 2160; x_wconf 83' lang='grc' dir='ltr'>διαμετρεῖν]</span> <span class='ocrx_word' id='word_1_602' title='bbox 1037 2118 1102 2158; x_wconf 77' lang='grc' dir='ltr'>πρὸς</span> <span class='ocrx_word' id='word_1_603' title='bbox 1125 2120 1385 2160; x_wconf 80' lang='grc' dir='ltr'>διαμεμετρημένην</span> <span class='ocrx_word' id='word_1_604' title='bbox 1405 2123 1455 2153; x_wconf 72' lang='grc' dir='ltr'>τὲν</span> <span class='ocrx_word' id='word_1_605' title='bbox 1479 2123 1550 2162; x_wconf 81' lang='grc' dir='ltr'>ἦμέ-</span> 
     </span>
    </p>
   </div>
   <div class='ocr_carea' id='block_1_11' title="bbox 880 2163 1551 2588">
    <p class='ocr_par' dir='ltr' id='par_1_16' title="bbox 880 2163 1551 2588">
     <span class='ocr_line' id='line_1_110' title="bbox 883 2163 1548 2201; baseline 0.009 -11"><span class='ocrx_word' id='word_1_606' title='bbox 883 2173 938 2201; x_wconf 80' lang='grc' dir='ltr'>ραν.</span> <span class='ocrx_word' id='word_1_607' title='bbox 964 2163 1013 2191; x_wconf 85' lang='grc'><strong>(110</strong></span> <span class='ocrx_word' id='word_1_608' title='bbox 1040 2163 1164 2198; x_wconf 86' lang='lat' dir='ltr'>forensi,</span> <span class='ocrx_word' id='word_1_609' title='bbox 1187 2163 1290 2193; x_wconf 79' lang='lat' dir='ltr'>multis</span> <span class='ocrx_word' id='word_1_610' title='bbox 1313 2164 1413 2194; x_wconf 83' lang='lat' dir='ltr'>causis</span> <span class='ocrx_word' id='word_1_611' title='bbox 1439 2176 1474 2194; x_wconf 87' lang='lat' dir='ltr'>ea</span> <span class='ocrx_word' id='word_1_612' title='bbox 1497 2167 1548 2196; x_wconf 88' lang='lat' dir='ltr'>die</span> 
     </span>
     <span class='ocr_line' id='line_1_111' title="bbox 884 2205 1550 2245; baseline 0.009 -12"><span class='ocrx_word' id='word_1_613' title='bbox 884 2205 1092 2243; x_wconf 84' lang='lat' dir='ltr'>disceptandis</span> <span class='ocrx_word' id='word_1_614' title='bbox 1116 2205 1159 2234; x_wconf 84' lang='lat' dir='ltr'>ita</span> <span class='ocrx_word' id='word_1_615' title='bbox 1181 2213 1341 2245; x_wconf 75' lang='lat' dir='ltr'>occupata,</span> <span class='ocrx_word' id='word_1_616' title='bbox 1367 2212 1400 2236; x_wconf 86' lang='lat' dir='ltr'>ut</span> <span class='ocrx_word' id='word_1_617' title='bbox 1421 2219 1550 2239; x_wconf 89' lang='lat' dir='ltr'>necesse</span> 
     </span>
     <span class='ocr_line' id='line_1_112' title="bbox 883 2247 1551 2290; baseline 0.009 -14"><span class='ocrx_word' id='word_1_618' title='bbox 883 2247 974 2277; x_wconf 83' lang='lat' dir='ltr'>fuerit</span> <span class='ocrx_word' id='word_1_619' title='bbox 997 2258 1096 2277; x_wconf 82' lang='lat' dir='ltr'>causae</span> <span class='ocrx_word' id='word_1_620' title='bbox 1111 2250 1260 2287; x_wconf 82' lang='lat' dir='ltr'>cujusque</span> <span class='ocrx_word' id='word_1_621' title='bbox 1284 2254 1419 2279; x_wconf 82' lang='lat' dir='ltr'>oratores</span> <span class='ocrx_word' id='word_1_622' title='bbox 1437 2253 1551 2290; x_wconf 88' lang='lat' dir='ltr'>spatio,</span> 
     </span>
     <span class='ocr_line' id='line_1_113' title="bbox 884 2291 1549 2331; baseline 0.011 -13"><span class='ocrx_word' id='word_1_623' title='bbox 884 2300 982 2329; x_wconf 84' lang='lat' dir='ltr'>eoque</span> <span class='ocrx_word' id='word_1_624' title='bbox 999 2291 1181 2325; x_wconf 78' lang='lat' dir='ltr'>arctissimo,</span> <span class='ocrx_word' id='word_1_625' title='bbox 1196 2292 1458 2323; x_wconf 79' lang='lat' dir='ltr'>circumscribere.</span> <span class='ocrx_word' id='word_1_626' title='bbox 1475 2297 1549 2331; x_wconf 78' lang='lat'>378,</span> 
     </span>
     <span class='ocr_line' id='line_1_114' title="bbox 882 2334 1549 2369; baseline 0.007 -8"><span class='ocrx_word' id='word_1_627' title='bbox 882 2335 913 2361; x_wconf 87' lang='grc'>7.</span> <span class='ocrx_word' id='word_1_628' title='bbox 938 2335 1101 2368; x_wconf 62' lang='lat' dir='ltr'>125Q,12.</span> <span class='ocrx_word' id='word_1_629' title='bbox 1136 2334 1302 2369; x_wconf 83' lang='lat' dir='ltr'>Inmedio</span> <span class='ocrx_word' id='word_1_630' title='bbox 1326 2334 1385 2364; x_wconf 85' lang='lat' dir='ltr'>sich</span> <span class='ocrx_word' id='word_1_631' title='bbox 1408 2345 1549 2366; x_wconf 79' lang='lat' dir='ltr'>zumessen</span> 
     </span>
     <span class='ocr_line' id='line_1_115' title="bbox 883 2376 1549 2420; baseline 0.008 -17"><span class='ocrx_word' id='word_1_632' title='bbox 883 2376 974 2404; x_wconf 76' lang='lat' dir='ltr'>lassen</span> <span class='ocrx_word' id='word_1_633' title='bbox 1001 2376 1043 2416; x_wconf 77' lang='lat' dir='ltr'>[to</span> <span class='ocrx_word' id='word_1_634' title='bbox 1058 2376 1129 2405; x_wconf 76' lang='lat' dir='ltr'>have</span> <span class='ocrx_word' id='word_1_635' title='bbox 1151 2378 1299 2406; x_wconf 72' lang='lat' dir='ltr'>measmed</span> <span class='ocrx_word' id='word_1_636' title='bbox 1322 2383 1372 2406; x_wconf 81' lang='lat' dir='ltr'>ont</span> <span class='ocrx_word' id='word_1_637' title='bbox 1394 2383 1421 2406; x_wconf 80' lang='lat' dir='ltr'>lo</span> <span class='ocrx_word' id='word_1_638' title='bbox 1445 2378 1549 2420; x_wconf 64' lang='lat' dir='ltr'>them}</span> 
     </span>
     <span class='ocr_line' id='line_1_116' title="bbox 881 2419 1550 2468; baseline 0.009 -22"><span class='ocrx_word' id='word_1_639' title='bbox 881 2426 949 2446; x_wconf 87' lang='lat' dir='ltr'>cum</span> <span class='ocrx_word' id='word_1_640' title='bbox 959 2419 1071 2468; x_wconf 63' lang='lat' dir='ltr'>plures</span> <span class='ocrx_word' id='word_1_641' title='bbox 1088 2419 1232 2448; x_wconf 81' lang='lat' dir='ltr'>demensa</span> <span class='ocrx_word' id='word_1_642' title='bbox 1249 2420 1391 2449; x_wconf 78' lang='lat' dir='ltr'>frumenti</span> <span class='ocrx_word' id='word_1_643' title='bbox 1409 2431 1436 2450; x_wconf 90' lang='lat' dir='ltr'>e.</span> <span class='ocrx_word' id='word_1_644' title='bbox 1453 2433 1479 2450; x_wconf 87' lang='grc'>0.</span> <span class='ocrx_word' id='word_1_645' title='bbox 1495 2433 1550 2460; x_wconf 89' lang='lat' dir='ltr'>pe-</span> 
     </span>
     <span class='ocr_line' id='line_1_117' title="bbox 882 2461 1549 2503; baseline 0.009 -15"><span class='ocrx_word' id='word_1_646' title='bbox 882 2464 949 2489; x_wconf 85' lang='lat' dir='ltr'>tunt</span> <span class='ocrx_word' id='word_1_647' title='bbox 962 2466 992 2490; x_wconf 86' lang='lat' dir='ltr'>et</span> <span class='ocrx_word' id='word_1_648' title='bbox 1002 2461 1165 2500; x_wconf 86' lang='lat' dir='ltr'>accipiunt.</span> <span class='ocrx_word' id='word_1_649' title='bbox 1178 2462 1368 2503; x_wconf 84' lang='grc' dir='ltr'>διεμετρουντο</span> <span class='ocrx_word' id='word_1_650' title='bbox 1381 2475 1419 2492; x_wconf 88' lang='grc' dir='ltr'>τα</span> <span class='ocrx_word' id='word_1_651' title='bbox 1435 2464 1549 2503; x_wconf 75' lang='grc' dir='ltr'>ἄλφιτα</span> 
     </span>
     <span class='ocr_line' id='line_1_118' title="bbox 881 2502 1550 2548; baseline 0.007 -16"><span class='ocrx_word' id='word_1_652' title='bbox 881 2502 906 2532; x_wconf 78' lang='grc' dir='ltr'>ἓν</span> <span class='ocrx_word' id='word_1_653' title='bbox 922 2502 965 2531; x_wconf 56' lang='lat' dir='ltr'>wi</span> <span class='ocrx_word' id='word_1_654' title='bbox 986 2502 1091 2543; x_wconf 62' lang='grc' dir='ltr'>ᾨδείῳ.</span> <span class='ocrx_word' id='word_1_655' title='bbox 1112 2506 1186 2538; x_wconf 87' lang='grc'><strong>918,</strong></span> <span class='ocrx_word' id='word_1_656' title='bbox 1203 2507 1234 2534; x_wconf 81' lang='lat'>8.</span> <span class='ocrx_word' id='word_1_657' title='bbox 1256 2506 1364 2539; x_wconf 80' lang='grc' dir='ltr'>πάντες</span> <span class='ocrx_word' id='word_1_658' title='bbox 1384 2506 1447 2536; x_wconf 81' lang='grc' dir='ltr'>ἴστε</span> <span class='ocrx_word' id='word_1_659' title='bbox 1468 2506 1493 2537; x_wconf 80' lang='grc' dir='ltr'>ἐν</span> <span class='ocrx_word' id='word_1_660' title='bbox 1507 2509 1550 2548; x_wconf 69' lang='grc' dir='ltr'>τῷ</span> 
     </span>
     <span class='ocr_line' id='line_1_119' title="bbox 880 2538 1435 2588; baseline 0.009 -14"><span class='ocrx_word' id='word_1_661' title='bbox 880 2544 1017 2584; x_wconf 76' lang='grc' dir='ltr'>Πομπείω</span> <span class='ocrx_word' id='word_1_662' title='bbox 1035 2538 1274 2588; x_wconf 83' lang='grc' dir='ltr'>διαμετρούμενοι.</span> <span class='ocrx_word' id='word_1_663' title='bbox 1292 2551 1366 2583; x_wconf 88' lang='grc'><strong>918,</strong></span> <span class='ocrx_word' id='word_1_664' title='bbox 1384 2551 1435 2579; x_wconf 69' lang='grc'><strong>26.</strong></span> 
     </span>
    </p>
   </div>
   <div class='ocr_carea' id='block_1_12' title="bbox 838 2587 1546 2631">
    <p class='ocr_par' dir='ltr' id='par_1_17' title="bbox 838 2587 1546 2631">
     <span class='ocr_line' id='line_1_120' title="bbox 838 2587 1546 2631; baseline 0.009 -15"><span class='ocrx_word' id='word_1_665' title='bbox 838 2587 1076 2631; x_wconf 74' lang='grc' dir='ltr'>διαμφισβητεῖν]</span> <span class='ocrx_word' id='word_1_666' title='bbox 1100 2591 1181 2620; x_wconf 82' lang='grc'><strong>1110111</strong></span> <span class='ocrx_word' id='word_1_667' title='bbox 1206 2592 1288 2630; x_wconf 86' lang='lat' dir='ltr'>quod</span> <span class='ocrx_word' id='word_1_668' title='bbox 1312 2591 1454 2629; x_wconf 83' lang='lat' dir='ltr'>simplex.</span> <span class='ocrx_word' id='word_1_669' title='bbox 1472 2595 1546 2629; x_wconf 87' lang='grc'><strong>897,</strong></span> 
     </span>
    </p>
   </div>
   <div class='ocr_carea' id='block_1_13' title="bbox 881 2633 1126 2667">
    <p class='ocr_par' dir='ltr' id='par_1_18' title="bbox 881 2633 1126 2667">
     <span class='ocr_line' id='line_1_121' title="bbox 881 2633 1126 2667; baseline 0 -6"><span class='ocrx_word' id='word_1_670' title='bbox 881 2633 1126 2667; x_wconf 69' lang='lat'>25.1097,⁴23.-</span> 
     </span>
    </p>
   </div>
   <div class='ocr_carea' id='block_1_14' title="bbox 839 2673 1546 2716">
    <p class='ocr_par' dir='ltr' id='par_1_19' title="bbox 839 2673 1546 2716">
     <span class='ocr_line' id='line_1_122' title="bbox 839 2673 1546 2716; baseline 0.011 -15"><span class='ocrx_word' id='word_1_671' title='bbox 839 2673 990 2715; x_wconf 82' lang='grc' dir='ltr'>διανέμειν]</span> <span class='ocrx_word' id='word_1_672' title='bbox 1008 2674 1187 2715; x_wconf 80' lang='grc' dir='ltr'>διανέμεσθαι</span> <span class='ocrx_word' id='word_1_673' title='bbox 1203 2688 1242 2706; x_wconf 78' lang='grc' dir='ltr'>τα</span> <span class='ocrx_word' id='word_1_674' title='bbox 1257 2687 1410 2716; x_wconf 84' lang='grc' dir='ltr'>χρηματα.</span> <span class='ocrx_word' id='word_1_675' title='bbox 1423 2677 1502 2707; x_wconf 85' lang='lat' dir='ltr'>inter</span> <span class='ocrx_word' id='word_1_676' title='bbox 1514 2690 1546 2709; x_wconf 81' lang='lat' dir='ltr'>se</span> 
     </span>
    </p>
   </div>
   <div class='ocr_carea' id='block_1_15' title="bbox 881 2718 1548 2755">
    <p class='ocr_par' dir='ltr' id='par_1_20' title="bbox 881 2718 1548 2755">
     <span class='ocr_line' id='line_1_123' title="bbox 881 2718 1548 2755; baseline 0.007 -10"><span class='ocrx_word' id='word_1_677' title='bbox 881 2718 1001 2755; x_wconf 87' lang='lat' dir='ltr'>partiri,</span> <span class='ocrx_word' id='word_1_678' title='bbox 1018 2719 1159 2752; x_wconf 53' lang='lat' dir='ltr'>dirimire,</span> <span class='ocrx_word' id='word_1_679' title='bbox 1177 2721 1251 2754; x_wconf 83' lang='lat'>855,</span> <span class='ocrx_word' id='word_1_680' title='bbox 1266 2722 1297 2747; x_wconf 90' lang='lat'>7.</span> <span class='ocrx_word' id='word_1_681' title='bbox 1323 2721 1397 2755; x_wconf 72' lang='lat'>9⁶28,</span> <span class='ocrx_word' id='word_1_682' title='bbox 1415 2724 1464 2753; x_wconf 87' lang='lat'>16.</span> <span class='ocrx_word' id='word_1_683' title='bbox 1489 2721 1548 2750; x_wconf 83' lang='grc' dir='ltr'>δια-</span> 
     </span>
    </p>
   </div>
   <div class='ocr_carea' id='block_1_16' title="bbox 879 2760 1546 2836">
    <p class='ocr_par' dir='ltr' id='par_1_21' title="bbox 879 2760 1546 2833">
     <span class='ocr_line' id='line_1_124' title="bbox 879 2760 1546 2802; baseline 0.01 -15"><span class='ocrx_word' id='word_1_684' title='bbox 879 2761 1037 2800; x_wconf 80' lang='grc' dir='ltr'>νειμάμενοι</span> <span class='ocrx_word' id='word_1_685' title='bbox 1060 2762 1130 2791; x_wconf 57' lang='lat' dir='ltr'>notri</span> <span class='ocrx_word' id='word_1_686' title='bbox 1152 2760 1233 2790; x_wconf 78' lang='grc' dir='ltr'>πέντε</span> <span class='ocrx_word' id='word_1_687' title='bbox 1256 2761 1391 2802; x_wconf 73' lang='grc' dir='ltr'>δραχμὰς</span> <span class='ocrx_word' id='word_1_688' title='bbox 1414 2762 1546 2798; x_wconf 79' lang='grc' dir='ltr'>ἕκαστος.</span> 
     </span>
     <span class='ocr_line' id='line_1_125' title="bbox 884 2805 1022 2836; baseline 0.024 -6"><span class='ocrx_word' id='word_1_689' title='bbox 884 2805 978 2836; x_wconf 82' lang='grc'><strong>1317,</strong></span> <span class='ocrx_word' id='word_1_690' title='bbox 993 2806 1022 2833; x_wconf 93' lang='grc'>6.</span> 
     </span>
    </p>
   </div>
   <div class='ocr_carea' id='block_1_17' title="bbox 839 2844 1548 2897">
    <p class='ocr_par' dir='ltr' id='par_1_22' title="bbox 839 2844 1548 2897">
     <span class='ocr_line' id='line_1_126' title="bbox 839 2844 1548 2897; baseline 0.009 -24"><span class='ocrx_word' id='word_1_691' title='bbox 839 2844 1018 2895; x_wconf 80' lang='grc' dir='ltr'>διανοεῖσθαι]</span> <span class='ocrx_word' id='word_1_692' title='bbox 1042 2858 1081 2874; x_wconf 82' lang='grc' dir='ltr'>τα</span> <span class='ocrx_word' id='word_1_693' title='bbox 1097 2844 1124 2874; x_wconf 78' lang='grc' dir='ltr'>δὲ</span> <span class='ocrx_word' id='word_1_694' title='bbox 1141 2846 1265 2885; x_wconf 77' lang='grc' dir='ltr'>κεράμια</span> <span class='ocrx_word' id='word_1_695' title='bbox 1276 2859 1316 2876; x_wconf 84' lang='grc' dir='ltr'>τα</span> <span class='ocrx_word' id='word_1_696' title='bbox 1328 2847 1481 2897; x_wconf 84' lang='grc' dir='ltr'>τρισχίλια</span> <span class='ocrx_word' id='word_1_697' title='bbox 1496 2848 1548 2879; x_wconf 82' lang='grc' dir='ltr'>ουδ</span> 
     </span>
    </p>
   </div>
   <div class='ocr_carea' id='block_1_18' title="bbox 883 2886 1548 3014">
    <p class='ocr_par' dir='ltr' id='par_1_23' title="bbox 883 2886 1548 3014">
     <span class='ocr_line' id='line_1_127' title="bbox 884 2886 1547 2926; baseline 0.008 -11"><span class='ocrx_word' id='word_1_698' title='bbox 884 2886 1058 2926; x_wconf 74' lang='grc' dir='ltr'>ἐμέλλησαν,</span> <span class='ocrx_word' id='word_1_699' title='bbox 1073 2887 1129 2916; x_wconf 79' lang='grc' dir='ltr'>ουδὲ</span> <span class='ocrx_word' id='word_1_700' title='bbox 1145 2887 1311 2919; x_wconf 86' lang='grc' dir='ltr'>διενοηθησαν</span> <span class='ocrx_word' id='word_1_701' title='bbox 1326 2888 1474 2920; x_wconf 60' lang='grc' dir='ltr'>ἐνθέσθαι.</span> <span class='ocrx_word' id='word_1_702' title='bbox 1488 2902 1547 2921; x_wconf 84' lang='lat' dir='ltr'>non</span> 
     </span>
     <span class='ocr_line' id='line_1_128' title="bbox 884 2930 1546 2969; baseline 0.008 -11"><span class='ocrx_word' id='word_1_703' title='bbox 884 2930 976 2959; x_wconf 90' lang='lat' dir='ltr'>modo</span> <span class='ocrx_word' id='word_1_704' title='bbox 993 2932 1174 2969; x_wconf 86' lang='lat' dir='ltr'>sperandum</span> <span class='ocrx_word' id='word_1_705' title='bbox 1193 2942 1250 2961; x_wconf 87' lang='lat' dir='ltr'>non</span> <span class='ocrx_word' id='word_1_706' title='bbox 1267 2938 1344 2968; x_wconf 85' lang='lat' dir='ltr'>erat,</span> <span class='ocrx_word' id='word_1_707' title='bbox 1367 2938 1400 2962; x_wconf 89' lang='lat' dir='ltr'>ut</span> <span class='ocrx_word' id='word_1_708' title='bbox 1422 2934 1481 2962; x_wconf 79' lang='lat' dir='ltr'>inae</span> <span class='ocrx_word' id='word_1_709' title='bbox 1498 2945 1546 2963; x_wconf 83' lang='lat' dir='ltr'>se-</span> 
     </span>
     <span class='ocr_line' id='line_1_129' title="bbox 883 2971 1548 3014; baseline 0.009 -14"><span class='ocrx_word' id='word_1_710' title='bbox 883 2971 937 3000; x_wconf 86' lang='lat' dir='ltr'>riae</span> <span class='ocrx_word' id='word_1_711' title='bbox 956 2972 1015 3003; x_wconf 86' lang='lat' dir='ltr'>vini</span> <span class='ocrx_word' id='word_1_712' title='bbox 1033 2973 1062 3001; x_wconf 92' lang='lat' dir='ltr'>in</span> <span class='ocrx_word' id='word_1_713' title='bbox 1080 2983 1186 3004; x_wconf 79' lang='lat' dir='ltr'>na-vem</span> <span class='ocrx_word' id='word_1_714' title='bbox 1202 2985 1330 3013; x_wconf 83' lang='lat' dir='ltr'>unquam</span> <span class='ocrx_word' id='word_1_715' title='bbox 1354 2975 1548 3014; x_wconf 88' lang='lat' dir='ltr'>imponeren-</span> 
     </span>
    </p>
   </div>
  </div>
 </body>
</html>
