1822 3187
549 171 612 213 IN
646 168 1137 213 DEMOSTHENEM.

111 276 313 316 Polyeuctus,
330 277 437 308 Midiae
463 277 629 314 studiosus,
651 281 822 308 numeratur

154 319 185 349 in
202 321 410 359 sycophantis.
427 322 502 356 560,
521 323 551 352 2.
576 322 689 351 Verum
715 321 823 350 Ruhn-

154 362 262 392 kenius
286 364 317 393 in
344 365 429 394 Hist.
454 365 522 394 crit.
539 371 615 394 orat.
631 365 686 394 Gr.
702 375 730 403 p.
750 364 823 392 157.

154 415 224 434 eum
243 416 312 436 cum
337 407 495 446 superiore
519 408 646 437 eundem
670 406 755 441 facit,
773 406 824 435 ubi

153 448 295 486 pluribus
315 449 354 478 de
376 450 545 488 Polyeucto
567 449 720 489 Sphettio,
741 448 824 478 claro

153 494 218 519 tum
233 496 365 527 oratore,
382 492 519 532 exponit.

111 531 303 572 Polyeuctus
320 535 487 564 Crioensis.
504 536 599 570 1042,
613 535 644 565 5.

109 575 298 614 Polyenctus
310 577 478 612 Thriasius,
492 582 579 616 pater
593 578 720 606 duarum
738 576 825 615 puel-

153 617 260 653 larum,
275 629 399 658 quarum
414 621 453 649 de
465 620 538 648 dote
552 620 613 650 duo
627 621 692 657 ejus
707 619 824 657 generi,

153 660 286 698 Spudias
299 667 329 691 et
343 664 519 698 Leocrates,
533 663 602 701 jure
615 664 824 703 experiuntur.

155 706 250 739 1028,
265 715 311 743 sq.

109 745 311 785 Polyeuctus,
344 746 519 777 Charidemi
554 746 694 777 vitricus.
727 749 823 783 1331,

152 799 222 827 pen.

109 831 328 871 Polysthenes,
343 833 433 862 homo
454 842 492 861 ne
515 833 619 862 liberae
635 833 758 871 quidem
780 837 824 862 at-

152 884 213 912 que
238 875 377 914 ingenuae
406 875 604 911 conditionis,
634 875 664 904 in
696 876 822 914 gratiam

151 916 307 947 Timothei
322 917 448 948 civitate
462 919 602 948 donatus.
619 919 694 953 688,
708 921 738 948 5.

109 959 320 998 Polystratus,
342 961 417 1000 imp.
433 962 543 990 Athen.
558 961 588 990 in
613 961 694 990 bello
713 960 821 990 Corin-

152 1002 265 1032 thiaco.
283 1005 336 1038 46,
350 1006 402 1034 20.
426 1004 550 1042 Olymp.
568 1004 688 1038 XCVI,
702 1006 731 1033 4.
749 1003 822 1033 item

151 1055 184 1084 p.
200 1048 276 1081 482,
293 1048 344 1076 26.
368 1047 419 1076 ubi
444 1048 485 1077 ait
502 1057 570 1076 eum
595 1057 635 1076 ex
658 1046 822 1085 Iphicratis

152 1088 414 1118 commendatione
445 1089 568 1128 publice
598 1089 754 1119 laudatum
793 1093 823 1119 et

151 1131 286 1169 praemiis
303 1137 440 1161 ornatum
458 1143 538 1162 esse.

108 1173 288 1211 Polymtus,
314 1175 365 1213 qui
389 1175 575 1213 prohedrum
597 1175 721 1204 cecidit.
749 1175 823 1211 525,

108 1258 289 1298 Polyzelus,
305 1260 437 1293 Archon,
450 1269 509 1298 quo
525 1260 678 1298 fungente,
692 1264 742 1288 aut
754 1269 824 1296 pro-

151 1301 235 1330 tinus
250 1303 288 1331 ab
299 1302 413 1331 honore
427 1302 586 1337 defuncto,
602 1302 824 1330 Demosthenes

150 1344 276 1373 tutelam
294 1354 380 1373 suam
401 1345 538 1383 suscepit
562 1344 753 1383 pubertatem
778 1344 824 1373 in-

152 1397 289 1425 gressus,
310 1392 341 1416 et
364 1392 481 1416 tutores
503 1387 541 1416 ad
566 1387 751 1416 reddendam
778 1391 824 1416 tn-

151 1430 221 1460 telae
239 1435 333 1468 gestae
349 1430 496 1460 rationem
514 1430 647 1460 vocavit.
666 1432 740 1465 868,
757 1432 788 1458 1.

108 1472 295 1512 Posidippus
316 1473 345 1502 in
368 1473 487 1502 triremi
508 1473 688 1512 Apollodori
712 1474 823 1511 guber·

151 1520 249 1545 nator.
266 1518 361 1551 1222,
377 1519 428 1545 10.

107 1558 283 1594 Praxiotes‚
299 1559 498 1588 trierarchus.
516 1561 609 1593 1219,
627 1560 678 1588 19.

106 1601 245 1631 Procles.
271 1603 344 1636 980,
366 1604 417 1632 20.
449 1602 501 1630 ubi
528 1601 700 1631 Nicobulus
724 1600 824 1641 μιαρὸν

149 1643 198 1673 καὶ
214 1642 371 1684 ἀκάθαξτον
391 1645 520 1674 eundem
545 1650 635 1684 atque
659 1643 755 1683 μέγαν
770 1655 822 1683 ap-

150 1686 256 1725 pellat,
273 1688 325 1716 sed
341 1688 398 1716 hoc
414 1687 580 1717 deridiculi
598 1697 682 1726 erge.

106 1730 240 1764 Procne,
257 1730 422 1760 Pandionis
439 1731 511 1759 filia.
530 1733 626 1766 1397,
644 1740 713 1768 pen.

105 1772 318 1808 Proconnesii,
348 1772 577 1803 Atheniensium
610 1773 700 1808 socii,
731 1782 820 1810 opem

150 1825 252 1845 eorum
268 1815 430 1855 implorant
447 1817 595 1845 adversus
607 1815 792 1854 Cyzikenos,
804 1826 820 1844 a

149 1858 261 1896 quibus
277 1859 357 1888 bello
377 1860 576 1889 vexabantur.
593 1861 689 1894 1207,
703 1861 754 1888 21.

106 1900 297 1930 Promachus
313 1905 444 1932 testatur
461 1903 581 1932 Boeoto.
594 1903 690 1937 1017,
706 1905 735 1932 1.

105 1944 338 1974 Protomachus.
355 1947 450 1981 1311,
469 1948 499 1975 9.

105 1987 233 2021 Protus,
250 1987 298 2016 cui
313 1988 353 2016 lis
369 1999 436 2017 cnm
453 1987 671 2017 Zenothemide
695 1988 733 2016 de
759 1988 820 2016 sru-

147 2034 250 2059 mento
266 2030 369 2059 Siculo
385 2031 570 2060 intercessit.
585 2033 660 2066 886,
674 2033 726 2059 10.

105 2072 280 2107 Proxenus,
303 2073 384 2102 filius
408 2076 526 2103 Neaerae
550 2073 644 2111 vulgo
662 2073 819 2112 quaesitus.

151 2116 248 2149 1358,
261 2117 292 2144 4.

104 2157 280 2191 Proxenus,
297 2157 404 2196 imper.
423 2160 532 2188 Athen.
552 2158 665 2187 aditum
684 2157 821 2197 Philippi

148 2201 186 2229 ad
215 2200 309 2239 Pylas
330 2203 483 2231 observat.
506 2202 580 2236 356,
604 2211 674 2240 pen.
700 2203 773 2236 364,
790 2202 820 2230 5.

148 2245 223 2277 389,
242 2246 292 2273 17.
309 2247 339 2273 et
355 2246 407 2274 26.

105 2285 304 2321 Ptoeodorus‚
321 2286 523 2325 MegarensiS,
539 2285 676 2325 Philippi
701 2285 820 2315 studio-

148 2339 212 2358 sus.
232 2330 307 2364 324,
323 2332 374 2359 14.
399 2340 521 2368 genere,
538 2329 669 2364 divitiis,
682 2328 820 2368 potentia

145 2371 295 2410 princeps
307 2372 547 2411 Megarensium,
561 2368 729 2406 Perilaum,
745 2371 820 2401 Phi-

147 2414 286 2453 lippismi
303 2420 490 2450 accusatum,
506 2414 643 2454 protexit
659 2419 689 2444 et
713 2424 818 2444 serva-

151 2457 208 2487 vit.
225 2459 301 2492 436,
316 2461 347 2488 2.

103 2499 255 2539 Pyrrhus,
282 2500 503 2535 Eteobutades,
530 2503 626 2529 morte
654 2500 818 2529 mulctatus

148 2546 206 2578 est,
220 2544 313 2581 quod,
326 2544 451 2573 aerarius
466 2543 516 2582 qni
542 2548 639 2579 esset,
656 2548 754 2572 tamen
768 2544 818 2581 ju-

147 2584 292 2614 dicasset.
309 2586 384 2620 573,
402 2589 431 2617 9.

103 2627 227 2666 Pythia,
243 2628 345 2663 ludos,
360 2629 523 2668 Philippus
539 2639 594 2668 per
609 2628 724 2658 amicos
744 2627 818 2658 illuc

147 2670 308 2708 delegatos
320 2672 560 2702 administrabat.
570 2673 623 2708 62,
634 2673 685 2702 24.
702 2673 752 2706 63,
765 2671 818 2701 ult.

147 2715 222 2748 119,
241 2716 291 2743 12.

103 2756 251 2795 Pylades,
267 2756 424 2795 trapezita.
438 2758 512 2791 816,
524 2767 595 2795 pen.

104 2798 220 2838 Pylaeae
240 2800 290 2836 jus
306 2798 486 2828 restituebat
509 2799 672 2838 Philippus
686 2800 818 2830 Thessa-

149 2841 187 2872 lis
202 2851 237 2870 ea
254 2841 283 2871 in
301 2841 427 2881 Pylaeae,
445 2852 503 2880 qua
520 2842 586 2880 ipse
608 2843 678 2880 jure
695 2852 820 2872 conses-

147 2894 200 2914 sus
224 2885 254 2913 in
279 2889 430 2914 conventu
446 2884 703 2923 Amphictyonico
721 2886 818 2914 dona-

146 2931 208 2962 tus,
232 2930 263 2956 et
287 2928 317 2956 in
343 2927 444 2956 locum
472 2927 687 2962 phocensium,
711 2932 818 2966 utpote

147 2975 381 3009 expunctor-um,
404 2969 562 2999 immissus
578 2970 684 3000 fuerat.
699 2973 753 3005 71,
767 2972 818 3000 13.

1483 168 1558 209 321

901 275 979 305 conf.
995 285 1028 314 p.
1043 276 1096 311 62,
1111 275 1166 305 ult.

858 318 1007 358 Pytheas,
1020 318 1109 347 horno
1126 322 1289 353 veterator,
1299 316 1518 356 popularitatis
1528 317 1568 347 si-

900 361 1041 390 mulator.
1067 363 1163 396 1481,
1185 363 1236 391 13.
1261 361 1310 390 ubi
1335 360 1489 390 coloribus
1513 360 1568 389 de-

902 404 1037 433 terrimis
1053 403 1199 442 pingitur.
1246 404 1478 433 Demosthenem
1494 403 1568 432 furti

901 446 1047 486 Hapalici
1063 457 1149 476 reum
1165 446 1230 485 egit
1246 446 1382 475 oratione
1399 447 1522 484 scripta,
1538 449 1569 475 et

900 490 1042 529 inprimis
1064 490 1094 519 in
1116 500 1205 519 causa
1222 488 1290 522 fuit,
1307 493 1338 517 ut
1354 489 1378 517 is
1394 489 1567 518 exsulatum

900 533 971 562 iret.
986 533 1061 562 ibid.
1088 531 1245 562 Plutarch.
1272 533 1323 560 16.
1347 532 1469 560 Barton.
1495 533 1568 560 184.

901 581 1043 605 nascente
1057 575 1137 604 bello
1153 574 1294 604 Lamiaco
1311 573 1440 603 Athenis
1455 573 1490 601 ad
1505 573 1569 602 An-

901 618 1047 656 tipatrum
1072 618 1160 656 fugit,
1177 618 1358 654 Graecasque
1375 616 1515 644 civitates
1531 616 1570 644 ab

901 661 1012 690 Athen.
1025 660 1221 690 abalienavit.
1234 659 1389 688 Plutarch.
1406 656 1492 698 §.u<.
1510 658 1570 696 Py-

901 703 1001 732 theam
1017 703 1058 732 ait
1074 703 1103 732 in
1121 702 1253 733 Arcadia
1270 712 1338 731 cum
1363 700 1570 730 Demosthene

901 745 1090 775 altercatum.

859 787 995 827 Python,
1008 787 1208 827 Byzantinus,
1225 790 1328 815 orator
1344 790 1465 825 potens,
1483 784 1511 814 in
1528 784 1572 814 le-

903 831 980 870 gatis
994 831 1133 869 Philippi
1149 830 1186 859 ad
1202 829 1418 863 Athenienses,
1431 838 1498 857 curn
1517 837 1570 866 pa-

901 874 946 903 cis
961 874 1153 904 conditiones
1170 872 1374 902 scriberentur
1389 881 1445 905 eae,
1456 871 1484 900 in
1496 881 1570 909 quas

901 916 1079 956 Philippum
1107 915 1331 946 Demosthenes
1356 919 1387 944 et
1408 914 1571 944 AEschines

901 969 969 988 cum
989 960 1068 995 aliis,
1086 959 1286 998 jurejurando
1306 957 1475 995 adegerunt
1495 966 1571 986 anno

901 1002 1028 1040 Olymp.
1044 1003 1165 1037 CVIII,
1182 1004 1211 1032 2.
1231 1003 1284 1036 81,
1300 1002 1353 1030 24.
1373 1003 1427 1036 82,
1446 1002 1496 1030 17.
1520 999 1572 1028 ubi

901 1049 1012 1083 quanto
1050 1045 1199 1083 Pythonis
1233 1043 1436 1082 eloquentiam
1472 1042 1571 1081 magis

899 1088 1048 1126 praedicat
1070 1088 1304 1121 Demosthenes,
1319 1087 1376 1115 hoc
1397 1086 1464 1124 ipse
1486 1095 1571 1115 suam

900 1131 989 1161 altius
1011 1131 1111 1168 effert,
1129 1141 1145 1161 a
1162 1141 1221 1169 qua
1236 1130 1319 1159 illum
1338 1129 1434 1158 fuisse
1451 1137 1570 1167 repres-

901 1184 967 1203 sum
984 1175 1141 1213 gloriatur.
1157 1175 1293 1208 272,19.
1310 1171 1393 1201 idem
1410 1172 1442 1201 in
1454 1172 1507 1200 illa
1520 1181 1570 1200 ce-

898 1216 1060 1247 leberrima
1069 1217 1183 1247 Thebis
1195 1216 1298 1245 habita
1310 1215 1456 1244 concione
1469 1213 1572 1243 exsul-

900 1263 955 1292 tat,
972 1270 1031 1296 qua
1047 1270 1079 1288 se
1092 1261 1143 1294 ait,
1161 1269 1261 1288 coram
1277 1258 1428 1286 universae
1444 1255 1571 1286 Graeoiae

899 1298 1008 1338 legatis
1029 1299 1252 1330 intolerabilem
1270 1300 1420 1337 Pythonis
1437 1299 1570 1328 insolen-

900 1342 972 1371 tiam
991 1342 1158 1377 retudisse,
1181 1347 1273 1380 atque
1294 1341 1397 1370 studia
1416 1343 1484 1379 ejus
1507 1341 1571 1371 elu-

900 1384 987 1414 sisse.
1003 1387 1102 1421 1469,
1120 1388 1170 1415 18.
1207 1384 1337 1414 Diodor.
1355 1383 1417 1413 Sic.
1432 1384 1479 1413 II.
1496 1386 1570 1414 143.

901 1432 931 1456 et
948 1427 991 1457 ibi
1004 1428 1196 1466 VVesseling.
1214 1428 1317 1457 Olear.
1334 1427 1371 1456 ad
1391 1426 1570 1456 Philostrat.

857 1470 991 1509 Python,
1009 1471 1088 1501 AEno
1111 1471 1269 1506 oriundus,
1285 1481 1352 1500 cum
1372 1469 1427 1499 illo
1449 1471 1571 1508 Byzan-

901 1514 975 1548 tino,
1006 1514 1036 1543 ni
1067 1514 1167 1549 fallor,
1197 1514 1291 1549 idem,
1327 1513 1438 1552 Cotyn,
1467 1523 1569 1552 regem

899 1557 1051 1592 Thraciae,
1077 1568 1168 1596 quum
1193 1556 1435 1586 Atheniensibus
1465 1556 1570 1593 gravis

900 1610 967 1629 esse
991 1600 1148 1639 coepisset,
1169 1599 1332 1637 adjuvante
1353 1599 1447 1628 fratre
1471 1599 1572 1628 Hera-

899 1642 990 1677 clide,
1003 1643 1152 1681 peremit;
1167 1646 1352 1681 quapropter
1367 1641 1570 1671 Athenienses

900 1686 1005 1715 ambos
1022 1686 1150 1715 civitate
1167 1685 1413 1720 donarunt.659,
1425 1686 1478 1714 27.
1495 1685 1571 1719 674,

901 1730 952 1758 21.
972 1729 995 1757 E
1014 1739 1042 1767 p.
1057 1730 1133 1764 662,
1147 1731 1198 1758 10.
1217 1728 1293 1757 satis
1306 1727 1424 1766 liquide
1437 1731 1569 1761 constat,

898 1771 1024 1800 AEnium
1047 1772 1127 1801 hunc
1152 1776 1242 1809 atque
1266 1769 1350 1800 illum
1367 1769 1569 1809 Byzantinum

899 1815 1026 1844 eundem
1044 1825 1123 1844 esse.
1168 1813 1281 1843 Patriae
1302 1813 1480 1849 diversitas,
1501 1823 1569 1851 quae

899 1857 1023 1886 videtur
1049 1867 1130 1892 esse,
1154 1856 1265 1886 morari
1289 1856 1439 1886 neminem
1465 1856 1569 1885 debet.

898 1900 1005 1929 Solent
1020 1900 1121 1929 Graeci
1139 1900 1263 1929 eosdem
1287 1898 1417 1938 geminis
1439 1898 1569 1928 nomini-

897 1943 954 1972 bus
971 1943 1100 1972 ethnicis
1113 1943 1283 1982 appellare,
1299 1942 1404 1971 alteris
1419 1940 1569 1977 locorum,

899 1986 951 2015 ubi
967 1985 997 2015 in
1012 1986 1109 2015 lucem
1121 1986 1233 2025 quique
1249 1985 1436 2024 prodissent,
1454 1984 1569 2018 alteris,

899 2029 949 2057 ubi
966 2029 1125 2066 plurimam
1143 2029 1214 2058 vitae
1232 2032 1347 2066 partem
1368 2026 1569 2066 peregissent.

898 2072 934 2100 In
951 2075 1082 2106 aetatem,
1092 2081 1151 2110 qua
1165 2071 1288 2109 Python
1305 2069 1354 2098 hic
1368 2069 1500 2099 Athenas
1514 2079 1569 2098 ve-

897 2113 952 2148 nit,
966 2114 1094 2152 inquirit
1106 2113 1253 2142 Corsinus
1269 2113 1306 2142 F.
1322 2112 1360 2142 A.
1378 2116 1399 2140 t.
1413 2112 1438 2140 Ι.
1451 2122 1482 2150 p.
1494 2112 1569 2143 355.

856 2156 1035 2195 Pythocles,
1045 2156 1184 2186 inimicus
1200 2154 1412 2185 Demostheni.
1422 2156 1498 2190 320,
1513 2155 1568 2184 ult.

897 2199 1035 2228 incessus
1059 2200 1125 2238 ejus
1149 2198 1320 2238 superbiam
1340 2207 1406 2238 prae
1430 2207 1463 2227 se
1486 2197 1567 2227 tulit.

899 2244 973 2277 442,
986 2245 1037 2273 15.

856 2284 1031 2323 Pythocles',
1049 2284 1130 2315 filius
1147 2284 1330 2323 Pythodori,
1346 2283 1455 2322 procul
1471 2281 1567 2312 dubio

897 2327 978 2356 idem
995 2339 1062 2368 cum
1078 2327 1242 2367 superiori,
1259 2327 1467 2357 Demosthene
1480 2324 1566 2354 fami-

897 2370 1016 2400 liariter
1031 2371 1157 2400 antehac
1180 2381 1266 2404 usna
1289 2368 1385 2408 ooepit
1406 2369 1442 2397 ab
1463 2378 1499 2397 eo
1515 2367 1567 2396 ab·

898 2413 1032 2449 horrere,
1046 2418 1208 2453 postquam
1219 2423 1236 2443 a
1246 2412 1393 2452 Philippo
1403 2414 1566 2449 corruptus

896 2456 964 2486 fuit.
981 2459 1057 2491 411,
1076 2459 1126 2486 10.

854 2499 1052 2538 Pythodorns
1069 2499 1203 2529 Archon.
1221 2500 1314 2532 1174,
1328 2500 1379 2528 13.

853 2542 1066 2580 Pythodorus,
1082 2543 1186 2572 nescio
1208 2542 1271 2581 qui,
1289 2542 1377 2579 cujus
1402 2539 1485 2568 aedes
1503 2548 1566 2568 me-

897 2589 1060 2615 morantur.
1078 2587 1174 2620 1258,
1187 2587 1238 2614 25.

855 2628 1049 2667 Pythodorus
1084 2626 1116 2656 ἐκ
1148 2627 1237 2658 Κηδῶν
1273 2625 1386 2655 arbiter
1416 2623 1445 2652 in
1475 2633 1568 2652 causa

896 2670 1085 2710 Theophemi
1104 2674 1134 2699 et
1157 2669 1270 2699 actoris
1293 2669 1323 2698 in
1346 2668 1398 2696 illa
1418 2666 1568 2701 oratione,

897 2724 964 2752 quae
980 2719 1028 2743 est
1045 2714 1074 2742 in
1093 2714 1261 2751 Everguni.
1279 2714 1376 2745 1140,
1392 2711 1445 2739 17.

854 2756 1050 2795 Pythodorus
1065 2754 1278 2786 Acharnensis.
1298 2754 1393 2788 1215,
1409 2754 1461 2783 13.

1190 2882 1229 2911 R.

855 2968 1112 3008 Rhadamanthys,
1137 2967 1226 2998 heros
1248 2966 1412 3006 mythicus,
1435 2963 1563 3004 justitia:

856 3016 874 3041 Q
892 3022 910 3041 r
