1822 3187
564 154 629 195 IN
661 153 1153 199 DEMOSTHENEM.

112 257 359 298 Dionysodorus,
390 261 575 299 negotiator,
601 262 634 292 iu
661 273 750 302 quem
781 266 827 292 est

151 301 232 331 actio
249 313 277 342 p.
295 304 389 339 1282,
407 314 453 342 sq.

111 342 306 382 Diophantus
322 345 410 375 testis
423 356 440 375 a
453 346 660 376 Demosthene
676 347 824 377 adversus

151 387 329 417 AEschinem
355 389 533 427 productus.
559 392 634 424 403,
661 392 713 419 11.
747 390 824 419 sorte

152 429 246 466 idem,
259 430 312 469 qui
331 431 360 460 in
378 431 468 461 claris
485 436 516 460 et
531 432 707 470 potentibus
723 437 824 461 orato-

153 472 238 501 ribus
255 480 440 503 numeratur.
452 476 528 508 436,
544 476 592 504 13.
607 479 672 503 erat
682 474 822 504 factionis

152 515 306 555 princeps.
323 518 397 551 498,
414 519 465 547 26.
488 516 539 546 lex
556 518 634 554 ejus,
651 516 708 552 illi,
722 517 773 555 qui
790 518 820 546 in

151 557 342 587 defendenda
358 559 463 597 populi
484 558 625 588 libertate
643 560 820 595 cecidisset,

151 609 242 637 pares
256 600 422 630 decernens
433 601 574 637 honores,
585 607 676 640 atque
688 602 820 632 Harmo-

151 642 203 672 dio
214 647 245 671 et
254 643 545 682 Aristogitoni.505,
554 654 623 682 pen.
637 645 821 684 Psephisma

151 685 228 722 ejus,
241 685 279 714 de
294 686 528 724 supplicatione,
545 692 577 716 ut
590 687 722 723 videtur,
733 687 821 717 insti-

150 728 263 757 tuenda
279 729 317 757 ob
334 729 491 758 victoriam
509 729 611 758 nescio
627 741 726 769 quam.
742 732 819 766 368,

150 771 181 799 6.
197 770 317 799 videtur
330 770 379 800 hic
395 771 448 800 ille
464 781 545 808 esse,
556 782 645 811 quem
662 773 820 802 Diodorus

148 811 269 842 Siculus
286 813 330 843 ΙΙ,
348 825 376 853 p.
390 816 462 844 119.
481 814 531 844 Ol.
550 817 623 851 107,
641 816 672 845 3.
697 826 819 855 operam

149 853 193 883 ait
219 855 370 894 egregiam
397 856 462 895 regi
491 858 654 888 Persarum
680 858 712 888 in
740 859 820 888 bello

148 896 336 936 AEgyptiaco
352 909 490 929 navasse.

106 940 285 979 Diopitlies,
302 941 466 979 imperator
483 942 554 972 Ath.
572 942 724 973 deducere
740 944 822 973 colo-

148 983 228 1012 niam
239 984 268 1012 in
282 984 527 1014 Clierrhonesum
538 986 654 1023 jussus,
666 997 683 1016 a
693 986 820 1025 reliquis

147 1025 396 1056 cherrhonesitis
419 1038 487 1057 cnm
512 1028 664 1058 admissus
688 1034 779 1063 esset.
804 1039 821 1058 a

147 1068 223 1097 solis
239 1069 400 1099 Cardianis
414 1070 612 1109 rejiciebatur
626 1070 672 1109 [id
685 1073 764 1110 quod
778 1072 820 1100 fa-

147 1114 230 1140 ctum
260 1115 307 1140 est
335 1117 406 1150 post
436 1123 540 1150 pacem
574 1114 719 1152 Philippo
750 1124 819 1143 cum

146 1152 260 1182 Athen.
283 1153 489 1184 conciliatam.
511 1157 562 1190 91,
580 1157 631 1185 15.
651 1158 724 1192 114,
738 1157 819 1196 15.],

146 1205 237 1233 quem
274 1195 443 1226 incolerent
480 1207 596 1235 agrum,
628 1208 695 1227 eum
733 1210 818 1228 suum

147 1237 299 1267 aientibus
317 1249 396 1273 esse,
410 1244 440 1268 et
450 1239 691 1269 Atheniensibus
706 1240 735 1270 iu
751 1252 818 1271 euin

141 1280 222 1318 juris
245 1280 405 1319 quicquam
426 1291 495 1311 esse
518 1282 712 1320 negantibus,
736 1288 767 1313 et
789 1285 819 1313 in

146 1321 283 1361 Philippi
298 1324 388 1353 fidem
409 1334 476 1353 sese
492 1324 690 1356 dedentibus.
736 1327 819 1362 Qua-

145 1370 285 1403 propter,
310 1366 458 1405 Philippo
488 1366 519 1395 in
545 1368 675 1397 Thracia
705 1369 819 1398 bellum

148 1413 285 1445 gerente,
312 1415 344 1438 et
369 1410 460 1438 domo
489 1409 626 1445 absente,
654 1410 818 1449 Diopithes

147 1451 339 1480 Macedoniae
355 1461 437 1481 oram
456 1452 634 1482 maritimam
652 1454 819 1492 depopula-

148 1497 198 1522 tus
215 1498 272 1523 est.
296 1504 357 1533 qua
372 1495 410 1523 de
425 1504 458 1523 re
473 1493 504 1523 in
522 1495 673 1533 judicium
691 1500 818 1526 vocatus

147 1546 166 1565 a
182 1536 389 1566 Demosthene
406 1541 481 1566 orat.
505 1536 544 1565 de
560 1539 651 1567 rebus
668 1538 819 1568 Cherrho-

146 1578 213 1607 nesi
235 1579 378 1608 defensus
402 1583 458 1608 est.
480 1581 533 1614 88,
553 1590 598 1619 sq.
622 1580 761 1620 Philippi
782 1582 820 1611 de

147 1620 216 1658 ipso
241 1620 272 1650 iu
292 1621 423 1659 epistola
439 1622 565 1659 quadam
585 1623 726 1661 querelae.
746 1626 819 1659 159,

147 1665 199 1693 10.
221 1673 324 1693 eorum
340 1663 483 1692 nonnulla
506 1664 612 1700 suasit,
635 1676 703 1704 quae
725 1666 820 1696 Athe-

146 1705 268 1735 nienses
296 1706 385 1735 inviti
416 1706 564 1745 Philippo
587 1714 818 1738 concesserunt.

148 1750 223 1784 248,
249 1750 279 1779 9.
314 1750 406 1778 Hunc
432 1749 613 1788 Diopithem
643 1752 818 1787 Tourellus,

146 1790 252 1820 nescio
263 1801 322 1830 qua
331 1792 426 1821 fretus
437 1793 630 1828 auctoritate,
643 1794 818 1830 Menandri,

146 1833 308 1863 clarissimi
329 1834 495 1864 fabularum
512 1835 684 1874 scriptoris,
702 1842 818 1876 patrem

149 1875 233 1906 facit.

104 1918 281 1958 Diopithes,
296 1918 482 1949 Melitensis.
496 1921 590 1955 1361,
606 1922 658 1950 20.

104 1961 274 1995 Diotimus,
297 1961 439 1998 Diotimi‚
456 1963 632 1998 Icariensis,
653 1964 742 1994 homo
762 1964 819 1994 im-

145 2004 262 2042 probus
279 2009 309 2033 et
325 2003 456 2034 infamis.
473 2008 568 2041 1266,
584 2008 635 2036 19.
653 2009 752 2042 1267,
766 2010 817 2038 20.

104 2046 261 2076 Diotimus
287 2047 364 2086 reip.
391 2052 475 2077 scuta
499 2048 641 2078 donabat.
665 2052 741 2084 264,
763 2052 816 2080 24.

146 2093 218 2128 post
231 2098 360 2128 pugnam
376 2088 424 2119 ἐπὶ
441 2091 489 2119 τοῦ
505 2092 659 2129 ποταμοῦ.
672 2094 749 2128 265,
764 2096 816 2122 20.

146 2132 226 2161 forte
250 2131 330 2161 idem
362 2137 408 2162 est
434 2143 501 2162 cum
526 2133 667 2173 proximo
691 2136 816 2174 Evony-

145 2183 261 2203 mense.

104 2216 271 2251 Diotimus‚
297 2217 536 2255 Evonymensis,
558 2218 647 2248 homo
669 2219 769 2256 dives,
787 2225 818 2250 et

147 2259 254 2288 Midiae
270 2259 435 2289 studiosus.
453 2261 527 2295 581,
548 2263 596 2291 15.
621 2262 770 2299 laudatur,
785 2269 818 2294 ut

147 2301 250 2330 civilis
267 2306 297 2330 et
315 2302 485 2340 popularis.
501 2306 597 2339 1482,
614 2305 644 2334 5.

104 2344 243 2382 Dolopes
256 2343 472 2383 inexemplum
487 2351 698 2384 proponuntur
710 2348 817 2388 populi

145 2386 330 2416 miserabilis
346 2391 377 2416 et
393 2389 614 2418 contemnendi.
631 2392 705 2426 246,
722 2394 751 2421 2.

104 2429 292 2464 Dorotheus,
310 2430 497 2461 Eleusinius.
514 2434 612 2466 1358,
628 2435 658 2463 7.

104 2473 207 2502 Draco
224 2482 323 2501 saevus
343 2473 373 2502 in
397 2475 565 2504 statuendis
585 2475 816 2506 homicidiorum

146 2515 256 2553 poenis.
272 2516 346 2550 505,
364 2519 415 2546 12.
433 2518 508 2553 636,
526 2521 575 2547 11.
593 2520 688 2554 1161,
705 2520 736 2549 3.

105 2557 324 2587 Dracontides.
341 2560 417 2594 861,
431 2561 481 2589 26.

105 2600 232 2634 Drusis,
246 2601 355 2629 ancilla
371 2603 499 2632 Neaerae.
517 2605 612 2639 1386,
629 2606 659 2634 8.

103 2642 308 2682 Dysniketus,
318 2644 359 2672 al.
373 2645 579 2684 DyskinetuS,
590 2647 710 2676 archon.
721 2649 817 2682 1132,

148 2686 201 2716 25.

445 2771 482 2801 E.

103 2854 297 2893 Ecpbantus,
322 2854 466 2891 Thasius,
493 2856 616 2895 adjutus
641 2868 658 2887 a
687 2858 818 2888 factione

150 2908 216 2931 sua,
234 2898 366 2927 Thasum
385 2909 402 2927 a
422 2900 719 2930 Lacedaemoniorum
741 2911 818 2940 prae-

150 2940 230 2969 sidio
246 2940 416 2976 liberatam,
425 2946 494 2982 pote
500 2943 569 2973 stati
580 2944 715 2974 restituit
728 2945 819 2974 Athe-

1496 163 1579 204 307

904 259 1066 296 niensium,
1082 270 1180 300 eoque
1203 263 1317 299 effecit,
1337 269 1370 295 ut
1392 265 1422 295 hi
1443 266 1573 297 Thracia

903 303 1085 341 potirentur.
1100 305 1175 340 474,
1193 307 1243 336 26.

860 345 931 375 Elei
954 346 1154 385 Triphyliam,
1177 349 1215 377 ab
1237 349 1409 379 Arcadibus
1426 350 1483 380 sibi
1504 361 1571 382 ere·

901 394 996 427 ptam,
1022 389 1191 419 Pisatarum
1217 391 1333 421 auxilio
1359 393 1498 422 subnixis
1522 393 1570 433 [v.

900 431 1020 461 Simson
1052 432 1177 472 Olymp.
1208 434 1360 473 104,1.]‚
1380 437 1571 473 repetebant.

899 475 973 509 206,
988 475 1018 504 5.
1042 485 1082 504 ex
1098 475 1155 504 hoc
1171 476 1286 514 populo
1303 478 1433 507 studiosi
1450 478 1569 517 Philip-

898 516 931 554 pi
948 516 1138 546 nominantur
1154 527 1184 556 p.
1197 520 1274 553 324,
1290 521 1342 548 10.

856 558 977 596 Elpias,
993 558 1216 598 ludimagister,
1233 561 1282 590 cui
1299 562 1429 591 servisse
1444 563 1571 593 Trome-

898 604 972 637 tem,
998 602 1154 632 AEschinis
1174 608 1303 640 patrem,
1323 604 1366 633 ait.
1389 604 1567 635 Demosthe-

898 653 962 672 nes.
980 646 1053 679 270,
1069 646 1100 673 7.

856 686 1035 724 Epaeuetus,
1046 687 1195 722 Andrias,
1208 693 1322 717 amator
1332 689 1460 718 Neaerae.
1474 689 1570 724 1366,

898 730 950 758 26.
966 728 1017 763 lis,
1034 739 1100 767 quae
1115 729 1143 759 ei
1161 740 1229 759 cum
1247 731 1401 770 Stephano
1417 731 1487 766 fuit,
1503 741 1572 760 nar-

896 775 990 800 ratur.
1004 771 1078 801 ibid.
1096 777 1126 801 et
1141 783 1206 810 sqq.

856 813 1020 852 Eperatus,
1038 814 1203 844 Tenedius.
1221 817 1316 851 1223,
1329 815 1383 844 ult.

855 856 1016 895 Ephialtes
1034 855 1130 896 [quod
1147 868 1255 887 nomen
1269 857 1345 888 alias
1363 861 1411 887 est
1425 856 1570 894 numinis,

898 899 974 928 Pani
994 899 1114 936 similis,
1139 900 1237 929 Latini
1254 901 1444 930 Incubonem
1465 901 1571 939 appel-

896 941 971 970 lant.
987 953 1016 972 v.
1031 942 1286 983 Artemidorum],
1298 948 1383 982 pater
1395 943 1572 982 Iphicratis,

897 983 1106 1023 imperatoris,
1136 995 1225 1024 quem
1253 987 1420 1025 Ephialten
1449 986 1571 1016 Plutar-

897 1026 985 1062 chus,
1006 1028 1082 1057 reoti
1108 1033 1139 1057 et
1162 1028 1281 1058 honesti
1301 1029 1413 1063 studio,
1438 1028 1572 1058 Aristidi

897 1074 987 1108 atque
1001 1070 1121 1099 Cimoni
1137 1071 1312 1109 aequiparat.
1334 1071 1359 1110 ᾗ.
1382 1071 1425 1101 ιδ’.
1445 1082 1474 1101 v.
1492 1072 1571 1101 Bar-

896 1115 959 1141 ton.
1004 1113 1064 1141 Sed
1081 1113 1137 1142 fuit
1153 1113 1228 1143 alius
1246 1124 1378 1153 quoque,
1395 1124 1482 1153 quem
1496 1114 1570 1143 Ale-

896 1155 1012 1184 xander
1026 1156 1068 1184 M.
1078 1161 1148 1194 post
1159 1157 1330 1186 Thebarum
1343 1156 1496 1186 excidium
1510 1166 1570 1186 nna

896 1207 963 1226 cum
983 1198 1188 1227 Demosthene
1209 1199 1339 1238 aliisque
1357 1200 1503 1238 quinque,
1519 1203 1570 1228 aut

897 1245 1016 1277 septem
1045 1241 1226 1276 oratoribus,
1246 1242 1284 1271 ad
1307 1242 1491 1280 supplicium
1516 1243 1571 1271 de·

895 1282 1048 1320 poposcit.
1066 1284 1224 1312 Plutarch.
1243 1285 1268 1324 §.
1285 1284 1341 1321 uy‘.
1376 1285 1427 1323 qui
1444 1284 1571 1313 forsitan

896 1324 949 1353 ille
974 1330 1031 1360 est,
1060 1336 1150 1364 quem
1175 1327 1336 1356 Demosth.
1362 1337 1393 1365 p.
1420 1329 1514 1362 1482,
1538 1328 1570 1357 6.

896 1373 1124 1398 commemorat.
1156 1379 1184 1398 ν.
1221 1371 1343 1399 Barton.
1383 1371 1460 1399 bene
1492 1369 1570 1399 duos

897 1409 1053 1449 Epliialtas
1078 1411 1252 1450 distinguit,
1280 1422 1408 1451 quorum
1435 1410 1485 1441 hic
1511 1422 1569 1450 po-

896 1451 1008 1482 sterior
1032 1454 1158 1491 Olymp.
1179 1454 1270 1489 CXI,
1292 1457 1323 1485 3.
1346 1455 1505 1493 eruptione
1528 1464 1569 1484 ex

897 1493 1117 1523 Halicarnasso
1127 1495 1157 1523 in
1173 1496 1359 1525 Macedonas
1373 1497 1452 1526 facta
1467 1496 1571 1535 periit.

854 1534 1039 1573 Epikerdes,
1049 1537 1242 1575 Corcyraeus,
1254 1539 1490 1569 Atheniensibus
1505 1550 1568 1569 ma-

896 1587 986 1616 gnam
1015 1579 1097 1609 illam
1125 1580 1155 1608 in
1181 1580 1287 1610 Sicilia
1314 1582 1432 1611 cladem
1456 1582 1569 1620 passis,

896 1627 1015 1651 centum
1040 1621 1135 1651 minas
1160 1623 1241 1652 dono
1265 1624 1361 1659 dedit,
1389 1629 1420 1654 et
1446 1635 1568 1654 rursum

896 1663 1042 1693 talentum
1074 1665 1234 1695 exsulibus
1270 1666 1382 1696 bellum
1417 1667 1567 1697 adversus

897 1706 1022 1743 triginta
1033 1712 1175 1746 tyrannos
1185 1708 1370 1747 gerentibus.
1381 1712 1454 1745 469,
1464 1712 1514 1739 16.
1522 1720 1569 1749 sq.

855 1747 1034 1786 Epichares,
1051 1760 1126 1779 avus
1140 1750 1223 1780 illius
1238 1752 1410 1790 Epicharis,
1426 1752 1473 1782 vel
1492 1753 1569 1791 Epi-

896 1791 1039 1828 charetis,
1054 1793 1104 1831 qui
1118 1793 1148 1822 in
1165 1795 1366 1824 Theocrinem
1382 1795 1475 1830 dixit,
1491 1805 1569 1835 pue-

897 1844 948 1863 ros
962 1835 992 1864 in
1008 1835 1090 1864 ludis
1106 1836 1279 1875 Olympicis
1295 1838 1396 1867 stadio
1413 1837 1500 1873 vicit,
1516 1848 1570 1868 eo·

895 1886 954 1914 que
971 1878 1096 1916 gloriam
1115 1879 1222 1917 patriae
1236 1881 1368 1918 peperit.
1383 1883 1478 1915 1342,
1495 1881 1550 1910 ult.

853 1919 1033 1957 Epichares,
1050 1921 1133 1950 illius
1155 1932 1262 1961 nepos,
1279 1933 1402 1953 causam
1418 1924 1567 1953 adversus

895 1962 1092 1993 Theocrinem
1111 1964 1183 2003 egit.
1197 1966 1294 2001 1322,
1310 1976 1355 2004 sq.

852 2004 1034 2043 Epichares,
1054 2007 1229 2046 Sikyotiiu5‚
1245 2008 1393 2047 Philippo
1413 2007 1566 2039 addictus.

898 2050 973 2083 324,
991 2051 1042 2078 13.

852 2091 1024 2130 Epicrates,
1054 2092 1092 2120 ob
1127 2091 1309 2131 legationem
1339 2090 1418 2122 male
1449 2098 1566 2131 gestam

894 2139 993 2163 morte
1009 2134 1183 2169 mulctatus,
1194 2136 1239 2164 vir
1255 2136 1330 2165 alias
1344 2137 1470 2174 probus,
1481 2141 1512 2166 et
1524 2147 1563 2166 ex

893 2177 944 2212 iis,
969 2177 1020 2215 qui
1043 2177 1188 2216 populum
1214 2178 1244 2209 in
1267 2179 1383 2209 Urbem
1404 2180 1565 2208 reduxere.

894 2222 969 2255 430,
986 2223 1015 2249 4.
1040 2230 1070 2249 v.
1088 2220 1240 2259 Harpocr.
1262 2221 1314 2260 qui
1330 2226 1393 2251 tres
1409 2222 1564 2261 cognomi-

894 2272 948 2292 nes
963 2268 1189 2293 commemorat.

851 2305 1021 2345 Epicrates,
1039 2316 1126 2344 quern
1155 2306 1389 2341 Demosthenes,
1405 2317 1458 2336 seu
1482 2306 1564 2345 quis-

894 2348 963 2386 quis
985 2356 1090 2377 auctor
1106 2353 1153 2378 est
1172 2349 1268 2378 libelli
1292 2349 1443 2384 amatorii,
1460 2349 1565 2379 lauda-

894 2390 949 2420 vit.
970 2393 1065 2426 1401,
1082 2402 1127 2429 sq.

852 2433 1023 2472 Epicrates.
1038 2436 1113 2468 708,
1129 2435 1180 2464 23.

852 2476 1010 2514 Epiuicus.
1030 2478 1126 2511 1491,
1139 2476 1195 2506 ult.

852 2519 1018 2558 EpitimuS,
1040 2520 1070 2549 in
1090 2529 1178 2557 quem
1198 2519 1310 2548 Aratus
1323 2517 1454 2557 ἐνδείξεως
1469 2518 1563 2548 actio·

894 2572 961 2591 nem
978 2562 1124 2592 instituit.
1142 2564 1237 2597 1489,
1253 2562 1371 2600 penult.

852 2605 1019 2639 Erasicles,
1033 2606 1216 2644 guberuator
1228 2605 1324 2634 navis.
1340 2606 1413 2640 929,
1428 2605 1477 2634 13.
1489 2605 1562 2640 934,

854 2690 1054 2724 Erechtheus,
1069 2690 1159 2719 heros
1181 2699 1347 2728 eponymus
1363 2689 1461 2718 tribus
1486 2690 1564 2721 Ere-

895 2733 1096 2762 chthidarum.
1112 2734 1209 2769 1397,
1226 2734 1276 2760 17.

854 2775 1002 2813 Ergocles
1020 2776 1179 2814 peculatus
1198 2778 1250 2803 aut
1272 2774 1466 2812 largitionum
1482 2786 1564 2806 reus.

895 2820 969 2852 398,
986 2819 1016 2847 3.

854 2859 1041 2898 Ergophilus
1055 2859 1190 2897 ejusdem
1207 2858 1342 2888 criminis
1353 2869 1434 2889 reus.
1447 2861 1564 2896 398,2.

898 2903 1018 2932 videtur
1043 2902 1122 2932 idem
1147 2912 1213 2931 esse
1235 2912 1304 2932 cum
1329 2907 1564 2933 commemorato

898 2956 928 2984 p.
945 2945 1057 2980 655,2.
1074 2945 1123 2974 cui
1136 2944 1264 2974 classem
1278 2944 1410 2975 Atticam
1426 2945 1454 2975 in
1468 2947 1563 2976 Thra-
