<?xml version="1.0" encoding="UTF-8"?>
<!DOCTYPE html PUBLIC "-//W3C//DTD XHTML 1.0 Transitional//EN"
    "http://www.w3.org/TR/xhtml1/DTD/xhtml1-transitional.dtd">
<html xmlns="http://www.w3.org/1999/xhtml" xml:lang="en" lang="en">
 <head>
  <title>
</title>
<meta http-equiv="Content-Type" content="text/html;charset=utf-8" />
  <meta name='ocr-system' content='tesseract 3.04.00' />
  <meta name='ocr-capabilities' content='ocr_page ocr_carea ocr_par ocr_line ocrx_word'/>
</head>
<body>
  <div class='ocr_page' id='page_1' title='image "./oratoresatticie11dobs/oratoresatticie11dobs_0215.png"; bbox 0 0 1822 3187; ppageno 0'>
   <div class='ocr_carea' id='block_1_1' title="bbox 552 176 1041 222">
    <p class='ocr_par' dir='ltr' id='par_1_1' title="bbox 552 176 1041 222">
     <span class='ocr_line' id='line_1_1' title="bbox 552 176 1041 222; baseline -0.006 0"><span class='ocrx_word' id='word_1_1' title='bbox 552 176 1041 222; x_wconf 86' lang='lat' dir='ltr'>DEMOSTHENEAE.</span> 
     </span>
    </p>
   </div>
   <div class='ocr_carea' id='block_1_2' title="bbox 88 284 805 1781">
    <p class='ocr_par' dir='ltr' id='par_1_2' title="bbox 128 284 788 367">
     <span class='ocr_line' id='line_1_2' title="bbox 128 284 788 324; baseline -0.002 -10"><span class='ocrx_word' id='word_1_2' title='bbox 128 289 223 321; x_wconf 88' lang='lat' dir='ltr'>tuum,</span> <span class='ocrx_word' id='word_1_3' title='bbox 237 285 316 324; x_wconf 86' lang='lat' dir='ltr'>quod</span> <span class='ocrx_word' id='word_1_4' title='bbox 329 289 424 316; x_wconf 84' lang='lat' dir='ltr'>totum</span> <span class='ocrx_word' id='word_1_5' title='bbox 437 286 478 316; x_wconf 89' lang='lat' dir='ltr'>sit</span> <span class='ocrx_word' id='word_1_6' title='bbox 491 286 569 324; x_wconf 86' lang='lat' dir='ltr'>reip.</span> <span class='ocrx_word' id='word_1_7' title='bbox 580 290 611 315; x_wconf 77' lang='lat' dir='ltr'>et</span> <span class='ocrx_word' id='word_1_8' title='bbox 623 286 701 315; x_wconf 85' lang='lat' dir='ltr'>unde</span> <span class='ocrx_word' id='word_1_9' title='bbox 714 284 788 314; x_wconf 86' lang='lat' dir='ltr'>nihil</span> 
     </span>
     <span class='ocr_line' id='line_1_3' title="bbox 128 328 736 367; baseline 0 -10"><span class='ocrx_word' id='word_1_10' title='bbox 128 328 167 357; x_wconf 84' lang='lat' dir='ltr'>ad</span> <span class='ocrx_word' id='word_1_11' title='bbox 181 328 267 367; x_wconf 83' lang='lat' dir='ltr'>ipsos</span> <span class='ocrx_word' id='word_1_12' title='bbox 281 328 424 367; x_wconf 82' lang='lat' dir='ltr'>privatim</span> <span class='ocrx_word' id='word_1_13' title='bbox 441 329 556 359; x_wconf 82' lang='lat' dir='ltr'>redeat.</span> <span class='ocrx_word' id='word_1_14' title='bbox 574 329 669 363; x_wconf 84' lang='lat'>1459,</span> <span class='ocrx_word' id='word_1_15' title='bbox 684 328 736 358; x_wconf 80' lang='grc'>25.</span> 
     </span>
    </p>

    <p class='ocr_par' dir='ltr' id='par_1_3' title="bbox 88 369 792 663">
     <span class='ocr_line' id='line_1_4' title="bbox 88 369 790 412; baseline -0.001 -13"><span class='ocrx_word' id='word_1_16' title='bbox 88 369 156 401; x_wconf 72' lang='grc' dir='ltr'>κύων</span> <span class='ocrx_word' id='word_1_17' title='bbox 180 372 230 400; x_wconf 82' lang='grc' dir='ltr'>τοῦ</span> <span class='ocrx_word' id='word_1_18' title='bbox 260 371 318 412; x_wconf 70' lang='grc' dir='ltr'>δομ</span> <span class='ocrx_word' id='word_1_19' title='bbox 321 383 358 401; x_wconf 88' lang='grc' dir='ltr'>ου.</span> <span class='ocrx_word' id='word_1_20' title='bbox 382 374 458 408; x_wconf 89' lang='grc'>782,</span> <span class='ocrx_word' id='word_1_21' title='bbox 484 373 516 401; x_wconf 89' lang='grc'>7.</span> <span class='ocrx_word' id='word_1_22' title='bbox 544 371 608 404; x_wconf 80' lang='grc' dir='ltr'>τοὺς</span> <span class='ocrx_word' id='word_1_23' title='bbox 630 369 790 408; x_wconf 75' lang='grc' dir='ltr'><strong><em>γευομένους</em></strong></span> 
     </span>
     <span class='ocr_line' id='line_1_5' title="bbox 129 412 789 454; baseline -0.002 -13"><span class='ocrx_word' id='word_1_24' title='bbox 129 412 210 447; x_wconf 87' lang='grc' dir='ltr'>κύνας</span> <span class='ocrx_word' id='word_1_25' title='bbox 224 415 280 444; x_wconf 74' lang='grc' dir='ltr'>τῶν</span> <span class='ocrx_word' id='word_1_26' title='bbox 290 413 433 454; x_wconf 68' lang='grc' dir='ltr'>προέάτων</span> <span class='ocrx_word' id='word_1_27' title='bbox 440 414 513 453; x_wconf 76' lang='grc' dir='ltr'>φασὶ</span> <span class='ocrx_word' id='word_1_28' title='bbox 525 413 579 443; x_wconf 78' lang='grc' dir='ltr'>δεῖν</span> <span class='ocrx_word' id='word_1_29' title='bbox 587 412 789 443; x_wconf 81' lang='grc' dir='ltr'>κατακόπτειν.</span> 
     </span>
     <span class='ocr_line' id='line_1_6' title="bbox 129 453 790 495; baseline -0.002 -10.994"><span class='ocrx_word' id='word_1_30' title='bbox 133 466 143 484; x_wconf 72' lang='lat' dir='ltr'><em>t</em></span> <span class='ocrx_word' id='word_1_31' title='bbox 129 457 206 492; x_wconf 57' lang='grc'>782,</span> <span class='ocrx_word' id='word_1_32' title='bbox 218 458 270 487; x_wconf 89' lang='lat'>15.</span> <span class='ocrx_word' id='word_1_33' title='bbox 294 457 360 487; x_wconf 86' lang='grc' dir='ltr'>κύνα</span> <span class='ocrx_word' id='word_1_34' title='bbox 370 458 464 495; x_wconf 78' lang='grc' dir='ltr'>ἀγεννη</span> <span class='ocrx_word' id='word_1_35' title='bbox 473 456 520 486; x_wconf 77' lang='grc' dir='ltr'>καὶ</span> <span class='ocrx_word' id='word_1_36' title='bbox 532 457 636 495; x_wconf 76' lang='grc' dir='ltr'>φαῦλον</span> <span class='ocrx_word' id='word_1_37' title='bbox 647 453 753 488; x_wconf 76' lang='grc' dir='ltr'>οὖδεῖς’</span> <span class='ocrx_word' id='word_1_38' title='bbox 743 453 790 485; x_wconf 76' lang='grc' dir='ltr'>επὶ</span> 
     </span>
     <span class='ocr_line' id='line_1_7' title="bbox 131 497 791 538; baseline -0.003 -10"><span class='ocrx_word' id='word_1_39' title='bbox 131 497 248 538; x_wconf 88' lang='grc' dir='ltr'>ποίμνια</span> <span class='ocrx_word' id='word_1_40' title='bbox 274 498 444 530; x_wconf 67' lang='grc' dir='ltr'>ἐωωτησειε</span> <span class='ocrx_word' id='word_1_41' title='bbox 468 499 635 538; x_wconf 76' lang='grc' dir='ltr'><strong>φυλάττειν.</strong></span> <span class='ocrx_word' id='word_1_42' title='bbox 662 500 738 533; x_wconf 89' lang='grc'>807,</span> <span class='ocrx_word' id='word_1_43' title='bbox 760 499 791 527; x_wconf 90' lang='grc'>3.</span> 
     </span>
     <span class='ocr_line' id='line_1_8' title="bbox 129 539 792 581; baseline -0.003 -11"><span class='ocrx_word' id='word_1_44' title='bbox 129 540 272 579; x_wconf 73' lang='grc' dir='ltr'>μείναντες</span> <span class='ocrx_word' id='word_1_45' title='bbox 287 554 334 573; x_wconf 81' lang='grc' dir='ltr'>την</span> <span class='ocrx_word' id='word_1_46' title='bbox 348 542 397 572; x_wconf 73' lang='grc' dir='ltr'>ἐπὶ</span> <span class='ocrx_word' id='word_1_47' title='bbox 411 541 467 572; x_wconf 74' lang='grc' dir='ltr'>κυνὶ</span> <span class='ocrx_word' id='word_1_48' title='bbox 483 541 563 581; x_wconf 86' lang='lat' dir='ltr'>[scil.</span> <span class='ocrx_word' id='word_1_49' title='bbox 577 539 666 580; x_wconf 82' lang='grc' dir='ltr'>δύντι]</span> <span class='ocrx_word' id='word_1_50' title='bbox 687 539 792 580; x_wconf 75' lang='grc' dir='ltr'>ἦμέξας</span> 
     </span>
     <span class='ocr_line' id='line_1_9' title="bbox 130 583 792 624; baseline 0 -11"><span class='ocrx_word' id='word_1_51' title='bbox 130 583 198 614; x_wconf 83' lang='grc' dir='ltr'>δέκα</span> <span class='ocrx_word' id='word_1_52' title='bbox 217 583 242 614; x_wconf 83' lang='grc' dir='ltr'>ἐν</span> <span class='ocrx_word' id='word_1_53' title='bbox 259 585 468 624; x_wconf 71' lang='grc' dir='ltr'>Ἑλλησπόντῳ.</span> <span class='ocrx_word' id='word_1_54' title='bbox 488 588 558 622; x_wconf 84' lang='lat' dir='ltr'>post</span> <span class='ocrx_word' id='word_1_55' title='bbox 574 593 717 614; x_wconf 86' lang='lat' dir='ltr'>occasum</span> <span class='ocrx_word' id='word_1_56' title='bbox 733 583 792 614; x_wconf 86' lang='lat' dir='ltr'>Ca-</span> 
     </span>
     <span class='ocr_line' id='line_1_10' title="bbox 130 628 388 663; baseline 0.004 -7"><span class='ocrx_word' id='word_1_57' title='bbox 130 628 251 657; x_wconf 87' lang='lat' dir='ltr'>niculae.</span> <span class='ocrx_word' id='word_1_58' title='bbox 267 631 340 663; x_wconf 87' lang='grc'>927,</span> <span class='ocrx_word' id='word_1_59' title='bbox 355 630 388 658; x_wconf 87' lang='grc'>3.</span> 
     </span>
    </p>

    <p class='ocr_par' dir='ltr' id='par_1_4' title="bbox 88 667 792 752">
     <span class='ocr_line' id='line_1_11' title="bbox 88 667 792 710; baseline -0.001 -12"><span class='ocrx_word' id='word_1_60' title='bbox 88 669 192 710; x_wconf 69' lang='grc' dir='ltr'>κώδων]</span> <span class='ocrx_word' id='word_1_61' title='bbox 210 672 306 701; x_wconf 76' lang='grc' dir='ltr'>ταῦτα</span> <span class='ocrx_word' id='word_1_62' title='bbox 322 668 399 704; x_wconf 72' lang='grc' dir='ltr'>οὗτος</span> <span class='ocrx_word' id='word_1_63' title='bbox 414 670 524 710; x_wconf 78' lang='grc' dir='ltr'>μονονοὺ</span> <span class='ocrx_word' id='word_1_64' title='bbox 542 667 667 703; x_wconf 77' lang='grc' dir='ltr'>κώδωνας</span> <span class='ocrx_word' id='word_1_65' title='bbox 680 667 792 708; x_wconf 70' lang='grc' dir='ltr'>ἐξαψά-</span> 
     </span>
     <span class='ocr_line' id='line_1_12' title="bbox 129 713 609 752; baseline -0.002 -10"><span class='ocrx_word' id='word_1_66' title='bbox 129 722 210 750; x_wconf 86' lang='grc' dir='ltr'>μενος</span> <span class='ocrx_word' id='word_1_67' title='bbox 225 713 452 752; x_wconf 59' lang='grc' dir='ltr'>διαπράττεται.</span> <span class='ocrx_word' id='word_1_68' title='bbox 467 713 609 747; x_wconf 83' lang='grc'>797,13.</span> 
     </span>
    </p>

    <p class='ocr_par' dir='ltr' id='par_1_5' title="bbox 88 754 797 1095">
     <span class='ocr_line' id='line_1_13' title="bbox 88 754 793 796; baseline 0.001 -13"><span class='ocrx_word' id='word_1_69' title='bbox 88 755 216 796; x_wconf 78' lang='grc' dir='ltr'>κωλύειν]</span> <span class='ocrx_word' id='word_1_70' title='bbox 241 754 255 786; x_wconf 77' lang='grc' dir='ltr'>ἢ</span> <span class='ocrx_word' id='word_1_71' title='bbox 277 755 322 785; x_wconf 72' lang='grc' dir='ltr'>τᾶν</span> <span class='ocrx_word' id='word_1_72' title='bbox 341 754 484 785; x_wconf 84' lang='grc' dir='ltr'>κωλύοντα</span> <span class='ocrx_word' id='word_1_73' title='bbox 505 755 627 795; x_wconf 77' lang='grc' dir='ltr'>κρατεῖν.</span> <span class='ocrx_word' id='word_1_74' title='bbox 651 755 783 789; x_wconf 88' lang='grc'>1069,4</span> <span class='ocrx_word' id='word_1_75' title='bbox 785 774 793 784; x_wconf 96' lang='grc'>.</span> 
     </span>
     <span class='ocr_line' id='line_1_14' title="bbox 131 795 794 837; baseline 0 -11"><span class='ocrx_word' id='word_1_76' title='bbox 131 798 230 828; x_wconf 79' lang='grc' dir='ltr'>κωλύει</span> <span class='ocrx_word' id='word_1_77' title='bbox 246 797 353 834; x_wconf 76' lang='grc' dir='ltr'>οὖδέν,”</span> <span class='ocrx_word' id='word_1_78' title='bbox 341 805 404 837; x_wconf 75' lang='grc' dir='ltr'>εφη.</span> <span class='ocrx_word' id='word_1_79' title='bbox 421 800 517 833; x_wconf 76' lang='lat'><strong>1154,</strong></span> <span class='ocrx_word' id='word_1_80' title='bbox 535 800 586 827; x_wconf 85' lang='lat'>18.</span> <span class='ocrx_word' id='word_1_81' title='bbox 608 795 706 827; x_wconf 75' lang='grc' dir='ltr'>οὐδὲν·</span> <span class='ocrx_word' id='word_1_82' title='bbox 694 808 727 827; x_wconf 83' lang='grc' dir='ltr'>αν</span> <span class='ocrx_word' id='word_1_83' title='bbox 743 796 794 826; x_wconf 80' lang='grc' dir='ltr'>αι’)-</span> 
     </span>
     <span class='ocr_line' id='line_1_15' title="bbox 131 839 795 880; baseline -0.003 -10"><span class='ocrx_word' id='word_1_84' title='bbox 131 841 195 874; x_wconf 79' lang='grc' dir='ltr'>τοὺς</span> <span class='ocrx_word' id='word_1_85' title='bbox 208 839 310 870; x_wconf 79' lang='grc' dir='ltr'>ἐκώλυε</span> <span class='ocrx_word' id='word_1_86' title='bbox 321 840 454 871; x_wconf 79' lang='grc' dir='ltr'>τεΘνῖιναι.</span> <span class='ocrx_word' id='word_1_87' title='bbox 468 844 518 870; x_wconf 89' lang='grc'>12.</span> <span class='ocrx_word' id='word_1_88' title='bbox 513 842 566 875; x_wconf 75' lang='lat'>30,</span> <span class='ocrx_word' id='word_1_89' title='bbox 578 843 630 871; x_wconf 87' lang='grc'>22.</span> <span class='ocrx_word' id='word_1_90' title='bbox 653 851 682 869; x_wconf 91' lang='grc' dir='ltr'>ου</span> <span class='ocrx_word' id='word_1_91' title='bbox 695 841 748 880; x_wconf 69' lang='grc' dir='ltr'>γὰρ</span> <span class='ocrx_word' id='word_1_92' title='bbox 763 839 795 869; x_wconf 77' lang='grc' dir='ltr'>ἂν</span> 
     </span>
     <span class='ocr_line' id='line_1_16' title="bbox 130 881 795 923; baseline -0.003 -9"><span class='ocrx_word' id='word_1_93' title='bbox 130 883 172 912; x_wconf 73' lang='grc' dir='ltr'>τά</span> <span class='ocrx_word' id='word_1_94' title='bbox 186 882 216 920; x_wconf 78' lang='grc' dir='ltr'>γ’</span> <span class='ocrx_word' id='word_1_95' title='bbox 228 883 274 914; x_wconf 79' lang='grc' dir='ltr'>ἤδη</span> <span class='ocrx_word' id='word_1_96' title='bbox 285 883 455 923; x_wconf 78' lang='grc' dir='ltr'>γεγενημένα</span> <span class='ocrx_word' id='word_1_97' title='bbox 471 884 600 913; x_wconf 75' lang='grc' dir='ltr'>κωλῦσαι</span> <span class='ocrx_word' id='word_1_98' title='bbox 619 881 795 921; x_wconf 67' lang='grc' dir='ltr'>δυνηθείημεν</span> 
     </span>
     <span class='ocr_line' id='line_1_17' title="bbox 131 924 796 965; baseline 0.002 -11"><span class='ocrx_word' id='word_1_99' title='bbox 131 924 174 955; x_wconf 75' lang='grc' dir='ltr'>ἄν.</span> <span class='ocrx_word' id='word_1_100' title='bbox 204 928 300 963; x_wconf 86' lang='grc'>1432,</span> <span class='ocrx_word' id='word_1_101' title='bbox 325 930 377 958; x_wconf 87' lang='grc'>27.</span> <span class='ocrx_word' id='word_1_102' title='bbox 401 926 527 962; x_wconf 84' lang='grc' dir='ltr'>κωλύειν,</span> <span class='ocrx_word' id='word_1_103' title='bbox 554 927 596 965; x_wconf 81' lang='grc' dir='ltr'>μῆ</span> <span class='ocrx_word' id='word_1_104' title='bbox 627 924 796 964; x_wconf 74' lang='grc' dir='ltr'>ἐπιτρέπειν.</span> 
     </span>
     <span class='ocr_line' id='line_1_18' title="bbox 133 967 797 1007; baseline -0.002 -9"><span class='ocrx_word' id='word_1_105' title='bbox 133 968 205 1003; x_wconf 88' lang='grc'>175,</span> <span class='ocrx_word' id='word_1_106' title='bbox 218 972 270 1000; x_wconf 87' lang='grc'>25.</span> <span class='ocrx_word' id='word_1_107' title='bbox 293 969 405 1000; x_wconf 82' lang='grc' dir='ltr'>κωλύειν</span> <span class='ocrx_word' id='word_1_108' title='bbox 412 970 476 1003; x_wconf 77' lang='grc' dir='ltr'>τοὺς</span> <span class='ocrx_word' id='word_1_109' title='bbox 487 968 624 1003; x_wconf 72' lang='grc' dir='ltr'>ὀνηλάτας</span> <span class='ocrx_word' id='word_1_110' title='bbox 634 970 677 1007; x_wconf 72' lang='grc' dir='ltr'>μὴ</span> <span class='ocrx_word' id='word_1_111' title='bbox 690 967 797 1007; x_wconf 77' lang='grc' dir='ltr'>ἐξάγειν</span> 
     </span>
     <span class='ocr_line' id='line_1_19' title="bbox 130 1009 796 1052; baseline -0.002 -10"><span class='ocrx_word' id='word_1_112' title='bbox 130 1012 179 1042; x_wconf 77' lang='grc' dir='ltr'>τὴν</span> <span class='ocrx_word' id='word_1_113' title='bbox 193 1009 480 1049; x_wconf 48' lang='grc' dir='ltr'>ὕληνμίῐιῐεῐάἰοεῐε,</span> <span class='ocrx_word' id='word_1_114' title='bbox 504 1023 542 1042; x_wconf 84' lang='lat' dir='ltr'>ne</span> <span class='ocrx_word' id='word_1_115' title='bbox 564 1017 726 1052; x_wconf 82' lang='lat' dir='ltr'>exportare</span> <span class='ocrx_word' id='word_1_116' title='bbox 745 1022 796 1041; x_wconf 83' lang='lat' dir='ltr'>au-</span> 
     </span>
     <span class='ocr_line' id='line_1_20' title="bbox 133 1055 444 1095; baseline 0.003 -11"><span class='ocrx_word' id='word_1_117' title='bbox 133 1055 251 1085; x_wconf 82' lang='lat' dir='ltr'>derent.</span> <span class='ocrx_word' id='word_1_118' title='bbox 264 1058 360 1091; x_wconf 78' lang='lat'>1040,</span> <span class='ocrx_word' id='word_1_119' title='bbox 372 1065 444 1095; x_wconf 88' lang='lat' dir='ltr'>pen.</span> 
     </span>
    </p>

    <p class='ocr_par' dir='ltr' id='par_1_6' title="bbox 90 1097 796 1180">
     <span class='ocr_line' id='line_1_21' title="bbox 90 1097 796 1138; baseline 0.004 -14"><span class='ocrx_word' id='word_1_120' title='bbox 90 1097 232 1138; x_wconf 67' lang='grc' dir='ltr'>κωλυτὴς]</span> <span class='ocrx_word' id='word_1_121' title='bbox 255 1098 279 1128; x_wconf 80' lang='grc' dir='ltr'>εἲ</span> <span class='ocrx_word' id='word_1_122' title='bbox 300 1097 324 1128; x_wconf 83' lang='grc' dir='ltr'>δ’</span> <span class='ocrx_word' id='word_1_123' title='bbox 341 1098 394 1129; x_wconf 80' lang='grc' dir='ltr'>ἔδει</span> <span class='ocrx_word' id='word_1_124' title='bbox 409 1097 514 1128; x_wconf 81' lang='grc' dir='ltr'>τούτων</span> <span class='ocrx_word' id='word_1_125' title='bbox 535 1098 660 1128; x_wconf 75' lang='grc' dir='ltr'>κωλυτῆν</span> <span class='ocrx_word' id='word_1_126' title='bbox 674 1098 796 1136; x_wconf 70' lang='grc' dir='ltr'>φανῆναι.</span> 
     </span>
     <span class='ocr_line' id='line_1_22' title="bbox 134 1142 296 1180; baseline 0 -10"><span class='ocrx_word' id='word_1_127' title='bbox 134 1142 208 1177; x_wconf 89' lang='grc'>248,</span> <span class='ocrx_word' id='word_1_128' title='bbox 224 1151 296 1180; x_wconf 88' lang='lat' dir='ltr'>pen.</span> 
     </span>
    </p>

    <p class='ocr_par' dir='ltr' id='par_1_7' title="bbox 90 1181 799 1309">
     <span class='ocr_line' id='line_1_23' title="bbox 90 1181 799 1223; baseline 0 -12"><span class='ocrx_word' id='word_1_129' title='bbox 90 1182 242 1223; x_wconf 73' lang='grc' dir='ltr'>κωμάζειν.</span> <span class='ocrx_word' id='word_1_130' title='bbox 251 1186 327 1219; x_wconf 85' lang='grc'>321,</span> <span class='ocrx_word' id='word_1_131' title='bbox 339 1185 390 1214; x_wconf 88' lang='grc'>16.</span> <span class='ocrx_word' id='word_1_132' title='bbox 403 1182 533 1223; x_wconf 79' lang='grc' dir='ltr'>κωμάζει</span> <span class='ocrx_word' id='word_1_133' title='bbox 548 1181 574 1212; x_wconf 77' lang='grc' dir='ltr'>ἐν</span> <span class='ocrx_word' id='word_1_134' title='bbox 585 1182 651 1216; x_wconf 78' lang='grc' dir='ltr'>ταῖς</span> <span class='ocrx_word' id='word_1_135' title='bbox 663 1182 799 1221; x_wconf 79' lang='grc' dir='ltr'>πομπαῖς</span> 
     </span>
     <span class='ocr_line' id='line_1_24' title="bbox 133 1223 799 1267; baseline -0.003 -11"><span class='ocrx_word' id='word_1_136' title='bbox 133 1225 196 1256; x_wconf 77' lang='grc' dir='ltr'>ἄνευ</span> <span class='ocrx_word' id='word_1_137' title='bbox 217 1228 267 1256; x_wconf 82' lang='grc' dir='ltr'>τοῦ</span> <span class='ocrx_word' id='word_1_138' title='bbox 289 1225 473 1267; x_wconf 62' lang='grc' dir='ltr'>προσωπείου.</span> <span class='ocrx_word' id='word_1_139' title='bbox 497 1228 574 1260; x_wconf 82' lang='lat'>433.</span> <span class='ocrx_word' id='word_1_140' title='bbox 590 1228 642 1256; x_wconf 84' lang='grc'>22.</span> <span class='ocrx_word' id='word_1_141' title='bbox 668 1223 799 1265; x_wconf 75' lang='grc' dir='ltr'>ἐκώμαζε</span> 
     </span>
     <span class='ocr_line' id='line_1_25' title="bbox 135 1267 628 1309; baseline 0 -11"><span class='ocrx_word' id='word_1_142' title='bbox 135 1268 276 1309; x_wconf 74' lang='lat' dir='ltr'>[Neaera]</span> <span class='ocrx_word' id='word_1_143' title='bbox 291 1267 363 1308; x_wconf 86' lang='grc' dir='ltr'>μετ’</span> <span class='ocrx_word' id='word_1_144' title='bbox 374 1269 470 1299; x_wconf 80' lang='grc' dir='ltr'>αὐτοῦ.</span> <span class='ocrx_word' id='word_1_145' title='bbox 485 1270 582 1304; x_wconf 85' lang='grc'>1356,</span> <span class='ocrx_word' id='word_1_146' title='bbox 598 1273 628 1298; x_wconf 96' lang='grc'>1.</span> 
     </span>
    </p>

    <p class='ocr_par' dir='ltr' id='par_1_8' title="bbox 90 1309 799 1353">
     <span class='ocr_line' id='line_1_26' title="bbox 90 1309 799 1353; baseline -0.003 -12"><span class='ocrx_word' id='word_1_147' title='bbox 90 1309 190 1352; x_wconf 64' lang='grc' dir='ltr'>κῶμὴ]</span> <span class='ocrx_word' id='word_1_148' title='bbox 207 1310 401 1353; x_wconf 70' lang='grc' dir='ltr'>διῳκισμένους</span> <span class='ocrx_word' id='word_1_149' title='bbox 414 1313 493 1341; x_wconf 73' lang='grc' dir='ltr'>κατα</span> <span class='ocrx_word' id='word_1_150' title='bbox 506 1311 619 1350; x_wconf 80' lang='grc' dir='ltr'>κώμας.</span> <span class='ocrx_word' id='word_1_151' title='bbox 635 1312 710 1345; x_wconf 87' lang='grc'>366,</span> <span class='ocrx_word' id='word_1_152' title='bbox 727 1320 799 1349; x_wconf 90' lang='lat' dir='ltr'>pen.</span> 
     </span>
    </p>

    <p class='ocr_par' dir='ltr' id='par_1_9' title="bbox 91 1353 800 1514">
     <span class='ocr_line' id='line_1_27' title="bbox 91 1353 799 1395; baseline 0 -13"><span class='ocrx_word' id='word_1_153' title='bbox 91 1353 201 1395; x_wconf 74' lang='grc' dir='ltr'>κῶμος]</span> <span class='ocrx_word' id='word_1_154' title='bbox 222 1365 295 1394; x_wconf 85' lang='lat' dir='ltr'>pars</span> <span class='ocrx_word' id='word_1_155' title='bbox 313 1355 450 1394; x_wconf 88' lang='lat' dir='ltr'>quaedam</span> <span class='ocrx_word' id='word_1_156' title='bbox 470 1358 503 1384; x_wconf 79' lang='lat' dir='ltr'>et</span> <span class='ocrx_word' id='word_1_157' title='bbox 524 1354 600 1384; x_wconf 87' lang='lat' dir='ltr'>ritus</span> <span class='ocrx_word' id='word_1_158' title='bbox 623 1353 799 1383; x_wconf 84' lang='lat' dir='ltr'>Bacchana-</span> 
     </span>
     <span class='ocr_line' id='line_1_28' title="bbox 133 1396 800 1437; baseline -0.001 -12"><span class='ocrx_word' id='word_1_159' title='bbox 133 1396 218 1427; x_wconf 88' lang='lat' dir='ltr'>lium.</span> <span class='ocrx_word' id='word_1_160' title='bbox 243 1399 319 1434; x_wconf 83' lang='lat'><strong><em>51¹7,</em></strong></span> <span class='ocrx_word' id='word_1_161' title='bbox 334 1407 406 1437; x_wconf 88' lang='lat' dir='ltr'>pen.</span> <span class='ocrx_word' id='word_1_162' title='bbox 429 1397 617 1427; x_wconf 83' lang='lat' dir='ltr'>comissatio.</span> <span class='ocrx_word' id='word_1_163' title='bbox 640 1397 676 1430; x_wconf 83' lang='grc' dir='ltr'>ὡς</span> <span class='ocrx_word' id='word_1_164' title='bbox 697 1396 800 1428; x_wconf 76' lang='grc' dir='ltr'>ἄλλους</span> 
     </span>
     <span class='ocr_line' id='line_1_29' title="bbox 138 1437 798 1481; baseline -0.002 -10"><span class='ocrx_word' id='word_1_165' title='bbox 138 1440 260 1475; x_wconf 73' lang='grc' dir='ltr'>πολλοὺς</span> <span class='ocrx_word' id='word_1_166' title='bbox 288 1439 336 1472; x_wconf 79' lang='grc' dir='ltr'>ἐπὶ</span> <span class='ocrx_word' id='word_1_167' title='bbox 361 1443 468 1481; x_wconf 75' lang='grc' dir='ltr'>κῶμον,</span> <span class='ocrx_word' id='word_1_168' title='bbox 493 1439 566 1481; x_wconf 79' lang='grc' dir='ltr'>ἔχων</span> <span class='ocrx_word' id='word_1_169' title='bbox 592 1439 678 1471; x_wconf 75' lang='grc' dir='ltr'>αὗτῆν</span> <span class='ocrx_word' id='word_1_170' title='bbox 701 1437 798 1470; x_wconf 63' lang='grc' dir='ltr'>ἦλθεν.</span> 
     </span>
     <span class='ocr_line' id='line_1_30' title="bbox 136 1484 279 1518; baseline 0.007 -5"><span class='ocrx_word' id='word_1_171' title='bbox 136 1484 232 1518; x_wconf 80' lang='grc'>1356,</span> <span class='ocrx_word' id='word_1_172' title='bbox 246 1486 279 1514; x_wconf 88' lang='grc'>4.</span> 
     </span>
    </p>

    <p class='ocr_par' dir='ltr' id='par_1_10' title="bbox 94 1525 416 1566">
     <span class='ocr_line' id='line_1_31' title="bbox 94 1525 416 1566; baseline -0.003 -10"><span class='ocrx_word' id='word_1_173' title='bbox 94 1525 167 1566; x_wconf 71' lang='grc' dir='ltr'>Κῷος</span> <span class='ocrx_word' id='word_1_174' title='bbox 181 1526 257 1560; x_wconf 77' lang='grc' dir='ltr'>οῖνος.</span> <span class='ocrx_word' id='word_1_175' title='bbox 274 1527 349 1562; x_wconf 85' lang='grc'>933,</span> <span class='ocrx_word' id='word_1_176' title='bbox 364 1527 416 1556; x_wconf 87' lang='grc'>15.</span> 
     </span>
    </p>

    <p class='ocr_par' dir='ltr' id='par_1_11' title="bbox 93 1566 802 1695">
     <span class='ocr_line' id='line_1_32' title="bbox 93 1566 800 1621; baseline -0.001 -23"><span class='ocrx_word' id='word_1_177' title='bbox 93 1570 190 1620; x_wconf 75' lang='grc' dir='ltr'>κώπη]</span> <span class='ocrx_word' id='word_1_178' title='bbox 205 1570 304 1621; x_wconf 75' lang='grc' dir='ltr'>κώπας</span> <span class='ocrx_word' id='word_1_179' title='bbox 317 1580 363 1604; x_wconf 84' lang='grc' dir='ltr'>τις</span> <span class='ocrx_word' id='word_1_180' title='bbox 377 1566 517 1608; x_wconf 78' lang='grc' dir='ltr'>ὑφείλετο.</span> <span class='ocrx_word' id='word_1_181' title='bbox 534 1569 675 1603; x_wconf 89' lang='grc'>170,12.</span> <span class='ocrx_word' id='word_1_182' title='bbox 699 1568 800 1607; x_wconf 66' lang='grc' dir='ltr'>ὥσπερ</span> 
     </span>
     <span class='ocr_line' id='line_1_33' title="bbox 137 1609 802 1651; baseline -0.002 -10"><span class='ocrx_word' id='word_1_183' title='bbox 137 1610 165 1641; x_wconf 81' lang='grc' dir='ltr'>ἐν</span> <span class='ocrx_word' id='word_1_184' title='bbox 181 1611 287 1650; x_wconf 70' lang='grc' dir='ltr'>1ιῑνλοίῳ,</span> <span class='ocrx_word' id='word_1_185' title='bbox 301 1613 357 1641; x_wconf 81' lang='grc' dir='ltr'>τῶν</span> <span class='ocrx_word' id='word_1_186' title='bbox 375 1611 429 1651; x_wconf 86' lang='grc' dir='ltr'>μὲν</span> <span class='ocrx_word' id='word_1_187' title='bbox 450 1609 544 1648; x_wconf 77' lang='grc' dir='ltr'>ἱστίῳ,</span> <span class='ocrx_word' id='word_1_188' title='bbox 563 1613 619 1640; x_wconf 80' lang='grc' dir='ltr'>τῶν</span> <span class='ocrx_word' id='word_1_189' title='bbox 638 1611 666 1641; x_wconf 82' lang='grc' dir='ltr'>δὲ</span> <span class='ocrx_word' id='word_1_190' title='bbox 685 1611 802 1644; x_wconf 65' lang='grc' dir='ltr'>κᾶνω-αις</span> 
     </span>
     <span class='ocr_line' id='line_1_34' title="bbox 136 1651 729 1695; baseline 0.002 -12"><span class='ocrx_word' id='word_1_191' title='bbox 136 1654 371 1695; x_wconf 72' lang='grc' dir='ltr'>ἄωοφαινομενων</span> <span class='ocrx_word' id='word_1_192' title='bbox 384 1651 570 1694; x_wconf 63' lang='grc' dir='ltr'>κομίζεσθαι.</span> <span class='ocrx_word' id='word_1_193' title='bbox 586 1656 682 1689; x_wconf 85' lang='grc'>1465,</span> <span class='ocrx_word' id='word_1_194' title='bbox 698 1657 729 1684; x_wconf 90' lang='grc'>7.</span> 
     </span>
    </p>

    <p class='ocr_par' dir='ltr' id='par_1_12' title="bbox 95 1696 805 1781">
     <span class='ocr_line' id='line_1_35' title="bbox 95 1696 805 1739; baseline -0.004 -11"><span class='ocrx_word' id='word_1_195' title='bbox 95 1697 238 1739; x_wconf 71' lang='grc' dir='ltr'>κωφότης]</span> <span class='ocrx_word' id='word_1_196' title='bbox 261 1697 402 1727; x_wconf 77' lang='grc' dir='ltr'>τοσαύτην</span> <span class='ocrx_word' id='word_1_197' title='bbox 427 1696 581 1735; x_wconf 74' lang='grc' dir='ltr'>κωφότητα</span> <span class='ocrx_word' id='word_1_198' title='bbox 601 1696 649 1726; x_wconf 81' lang='grc' dir='ltr'>και</span> <span class='ocrx_word' id='word_1_199' title='bbox 673 1697 805 1727; x_wconf 78' lang='grc' dir='ltr'>τοσοῦτον</span> 
     </span>
     <span class='ocr_line' id='line_1_36' title="bbox 137 1739 718 1781; baseline 0 -11"><span class='ocrx_word' id='word_1_200' title='bbox 137 1740 238 1776; x_wconf 80' lang='grc' dir='ltr'>σκότος</span> <span class='ocrx_word' id='word_1_201' title='bbox 252 1739 321 1781; x_wconf 60' lang='grc' dir='ltr'>παρ’</span> <span class='ocrx_word' id='word_1_202' title='bbox 332 1741 410 1780; x_wconf 76' lang='grc' dir='ltr'>ὑμῶν</span> <span class='ocrx_word' id='word_1_203' title='bbox 424 1739 564 1779; x_wconf 77' lang='grc' dir='ltr'>ἀπαντξίν.</span> <span class='ocrx_word' id='word_1_204' title='bbox 579 1742 654 1776; x_wconf 88' lang='grc'>411,</span> <span class='ocrx_word' id='word_1_205' title='bbox 666 1740 718 1771; x_wconf 90' lang='grc'>25.</span> 
     </span>
    </p>
   </div>
   <div class='ocr_carea' id='block_1_3' title="bbox 435 1874 472 1898">
    <p class='ocr_par' dir='ltr' id='par_1_13' title="bbox 435 1874 472 1898">
     <span class='ocr_line' id='line_1_37' title="bbox 435 1874 472 1898; baseline -0.027 0"><span class='ocrx_word' id='word_1_206' title='bbox 435 1874 472 1898; x_wconf 85' lang='grc' dir='ltr'>Λ.</span> 
     </span>
    </p>
   </div>
   <div class='ocr_carea' id='block_1_4' title="bbox 97 1951 816 3019">
    <p class='ocr_par' dir='ltr' id='par_1_14' title="bbox 97 1951 806 2074">
     <span class='ocr_line' id='line_1_38' title="bbox 97 1951 805 1994; baseline 0 -10"><span class='ocrx_word' id='word_1_207' title='bbox 97 1953 188 1994; x_wconf 68' lang='grc' dir='ltr'>λαβὴ]</span> <span class='ocrx_word' id='word_1_208' title='bbox 205 1954 344 1993; x_wconf 81' lang='lat' dir='ltr'>capulus,</span> <span class='ocrx_word' id='word_1_209' title='bbox 359 1963 440 1982; x_wconf 85' lang='lat' dir='ltr'>ansa.</span> <span class='ocrx_word' id='word_1_210' title='bbox 450 1951 540 1986; x_wconf 71' lang='grc' dir='ltr'>λαβαῖ</span> <span class='ocrx_word' id='word_1_211' title='bbox 552 1955 714 1994; x_wconf 73' lang='grc' dir='ltr'>μαχαιρῶν.</span> <span class='ocrx_word' id='word_1_212' title='bbox 730 1955 805 1989; x_wconf 91' lang='lat'><em>819,</em></span> 
     </span>
     <span class='ocr_line' id='line_1_39' title="bbox 141 1995 806 2036; baseline -0.005 -8"><span class='ocrx_word' id='word_1_213' title='bbox 141 1999 194 2028; x_wconf 88' lang='grc'>25.</span> <span class='ocrx_word' id='word_1_214' title='bbox 210 1996 284 2030; x_wconf 69' lang='grc' dir='ltr'>ὅπως</span> <span class='ocrx_word' id='word_1_215' title='bbox 293 1997 417 2036; x_wconf 66' lang='grc' dir='ltr'>μήποτε</span> <span class='ocrx_word' id='word_1_216' title='bbox 429 1997 489 2031; x_wconf 78' lang='grc' dir='ltr'>τοῖς</span> <span class='ocrx_word' id='word_1_217' title='bbox 499 1995 707 2027; x_wconf 66' lang='grc' dir='ltr'>ἔπιζουλεύουσι</span> <span class='ocrx_word' id='word_1_218' title='bbox 719 1995 806 2030; x_wconf 70' lang='grc' dir='ltr'>λαβὴν</span> 
     </span>
     <span class='ocr_line' id='line_1_40' title="bbox 141 2041 418 2074; baseline -0.007 -4"><span class='ocrx_word' id='word_1_219' title='bbox 141 2041 256 2070; x_wconf 76' lang='grc' dir='ltr'>δώσετε,</span> <span class='ocrx_word' id='word_1_220' title='bbox 277 2042 371 2074; x_wconf 85' lang='grc'>1420,</span> <span class='ocrx_word' id='word_1_221' title='bbox 388 2041 418 2070; x_wconf 87' lang='grc'>9.</span> 
     </span>
    </p>

    <p class='ocr_par' dir='ltr' id='par_1_15' title="bbox 99 2081 816 3019">
     <span class='ocr_line' id='line_1_41' title="bbox 99 2081 807 2124; baseline -0.004 -10"><span class='ocrx_word' id='word_1_222' title='bbox 99 2082 267 2124; x_wconf 80' lang='grc' dir='ltr'>λαγχάνειν]</span> <span class='ocrx_word' id='word_1_223' title='bbox 283 2082 413 2121; x_wconf 80' lang='lat' dir='ltr'><strong>adipisci</strong></span> <span class='ocrx_word' id='word_1_224' title='bbox 428 2081 542 2121; x_wconf 88' lang='lat' dir='ltr'>aliquid</span> <span class='ocrx_word' id='word_1_225' title='bbox 558 2092 611 2122; x_wconf 89' lang='lat' dir='ltr'>per</span> <span class='ocrx_word' id='word_1_226' title='bbox 626 2086 751 2118; x_wconf 78' lang='lat' dir='ltr'>sortem,</span> <span class='ocrx_word' id='word_1_227' title='bbox 761 2082 807 2111; x_wconf 89' lang='lat' dir='ltr'>in-</span> 
     </span>
     <span class='ocr_line' id='line_1_42' title="bbox 142 2124 807 2164; baseline -0.002 -9"><span class='ocrx_word' id='word_1_228' title='bbox 142 2126 261 2155; x_wconf 83' lang='lat' dir='ltr'>terdum</span> <span class='ocrx_word' id='word_1_229' title='bbox 279 2136 398 2164; x_wconf 85' lang='lat' dir='ltr'>quoque</span> <span class='ocrx_word' id='word_1_230' title='bbox 414 2135 454 2154; x_wconf 88' lang='lat' dir='ltr'>ex</span> <span class='ocrx_word' id='word_1_231' title='bbox 469 2124 652 2154; x_wconf 70' lang='lat' dir='ltr'>necessitate</span> <span class='ocrx_word' id='word_1_232' title='bbox 671 2125 749 2163; x_wconf 81' lang='lat' dir='ltr'>juris</span> <span class='ocrx_word' id='word_1_233' title='bbox 765 2125 807 2154; x_wconf 91' lang='lat' dir='ltr'>ci-</span> 
     </span>
     <span class='ocr_line' id='line_1_43' title="bbox 144 2168 808 2206; baseline -0.002 -8"><span class='ocrx_word' id='word_1_234' title='bbox 144 2169 227 2204; x_wconf 86' lang='lat' dir='ltr'>vilis,</span> <span class='ocrx_word' id='word_1_235' title='bbox 243 2168 410 2197; x_wconf 83' lang='lat' dir='ltr'>secuudum</span> <span class='ocrx_word' id='word_1_236' title='bbox 426 2168 603 2197; x_wconf 85' lang='lat' dir='ltr'>sententiam</span> <span class='ocrx_word' id='word_1_237' title='bbox 621 2177 638 2196; x_wconf 87' lang='lat' dir='ltr'>a</span> <span class='ocrx_word' id='word_1_238' title='bbox 650 2168 808 2206; x_wconf 86' lang='lat' dir='ltr'>judicibus</span> 
     </span>
     <span class='ocr_line' id='line_1_44' title="bbox 143 2211 809 2249; baseline 0 -9"><span class='ocrx_word' id='word_1_239' title='bbox 143 2212 243 2245; x_wconf 82' lang='lat' dir='ltr'>latam,</span> <span class='ocrx_word' id='word_1_240' title='bbox 269 2215 303 2240; x_wconf 90' lang='lat' dir='ltr'>ut</span> <span class='ocrx_word' id='word_1_241' title='bbox 332 2211 486 2244; x_wconf 81' lang='lat' dir='ltr'>honorem,</span> <span class='ocrx_word' id='word_1_242' title='bbox 511 2221 564 2240; x_wconf 90' lang='lat' dir='ltr'>seu</span> <span class='ocrx_word' id='word_1_243' title='bbox 585 2212 809 2249; x_wconf 81' lang='lat' dir='ltr'>magistratum,</span> 
     </span>
     <span class='ocr_line' id='line_1_45' title="bbox 145 2253 810 2292; baseline 0 -9"><span class='ocrx_word' id='word_1_244' title='bbox 145 2254 361 2289; x_wconf 78' lang='lat' dir='ltr'>sacerdotium,</span> <span class='ocrx_word' id='word_1_245' title='bbox 371 2253 582 2288; x_wconf 70' lang='lat' dir='ltr'>hereditatem,</span> <span class='ocrx_word' id='word_1_246' title='bbox 593 2254 645 2292; x_wconf 85' lang='lat' dir='ltr'>jus</span> <span class='ocrx_word' id='word_1_247' title='bbox 655 2253 684 2282; x_wconf 89' lang='lat' dir='ltr'>in</span> <span class='ocrx_word' id='word_1_248' title='bbox 694 2253 810 2292; x_wconf 87' lang='lat' dir='ltr'>judici-</span> 
     </span>
     <span class='ocr_line' id='line_1_46' title="bbox 143 2295 810 2335; baseline 0 -9"><span class='ocrx_word' id='word_1_249' title='bbox 143 2298 202 2326; x_wconf 86' lang='lat' dir='ltr'>bus</span> <span class='ocrx_word' id='word_1_250' title='bbox 219 2295 363 2333; x_wconf 84' lang='lat' dir='ltr'>sedendi3</span> <span class='ocrx_word' id='word_1_251' title='bbox 378 2296 450 2325; x_wconf 87' lang='lat' dir='ltr'>item</span> <span class='ocrx_word' id='word_1_252' title='bbox 467 2306 590 2334; x_wconf 85' lang='lat' dir='ltr'>operam</span> <span class='ocrx_word' id='word_1_253' title='bbox 606 2296 689 2332; x_wconf 86' lang='lat' dir='ltr'>dare,</span> <span class='ocrx_word' id='word_1_254' title='bbox 704 2300 738 2326; x_wconf 89' lang='lat' dir='ltr'>ut</span> <span class='ocrx_word' id='word_1_255' title='bbox 754 2306 810 2335; x_wconf 83' lang='lat' dir='ltr'>per</span> 
     </span>
     <span class='ocr_line' id='line_1_47' title="bbox 145 2338 810 2378; baseline -0.003 -8"><span class='ocrx_word' id='word_1_256' title='bbox 145 2345 259 2370; x_wconf 78' lang='lat' dir='ltr'><strong>sortem</strong></span> <span class='ocrx_word' id='word_1_257' title='bbox 269 2339 314 2374; x_wconf 89' lang='lat' dir='ltr'>id,</span> <span class='ocrx_word' id='word_1_258' title='bbox 325 2339 405 2378; x_wconf 89' lang='lat' dir='ltr'>quod</span> <span class='ocrx_word' id='word_1_259' title='bbox 421 2338 509 2377; x_wconf 84' lang='lat' dir='ltr'>cupis</span> <span class='ocrx_word' id='word_1_260' title='bbox 521 2343 552 2368; x_wconf 87' lang='lat' dir='ltr'>et</span> <span class='ocrx_word' id='word_1_261' title='bbox 565 2339 674 2373; x_wconf 82' lang='lat' dir='ltr'>ambis,</span> <span class='ocrx_word' id='word_1_262' title='bbox 686 2339 742 2368; x_wconf 87' lang='lat' dir='ltr'>tibi</span> <span class='ocrx_word' id='word_1_263' title='bbox 757 2339 810 2368; x_wconf 80' lang='lat' dir='ltr'>ad-</span> 
     </span>
     <span class='ocr_line' id='line_1_48' title="bbox 145 2381 810 2420; baseline -0.003 -7"><span class='ocrx_word' id='word_1_264' title='bbox 145 2383 276 2418; x_wconf 84' lang='lat' dir='ltr'>dicatur,</span> <span class='ocrx_word' id='word_1_265' title='bbox 292 2382 386 2411; x_wconf 85' lang='lat' dir='ltr'>verbo</span> <span class='ocrx_word' id='word_1_266' title='bbox 398 2381 430 2411; x_wconf 89' lang='lat' dir='ltr'>in</span> <span class='ocrx_word' id='word_1_267' title='bbox 442 2382 511 2420; x_wconf 87' lang='lat' dir='ltr'>jure</span> <span class='ocrx_word' id='word_1_268' title='bbox 523 2392 660 2420; x_wconf 85' lang='lat' dir='ltr'>poscere,</span> <span class='ocrx_word' id='word_1_269' title='bbox 676 2387 710 2412; x_wconf 85' lang='lat' dir='ltr'>ut</span> <span class='ocrx_word' id='word_1_270' title='bbox 724 2383 810 2412; x_wconf 86' lang='lat' dir='ltr'>bere-</span> 
     </span>
     <span class='ocr_line' id='line_1_49' title="bbox 145 2424 810 2464; baseline -0.003 -8"><span class='ocrx_word' id='word_1_271' title='bbox 145 2424 441 2464; x_wconf 81' lang='lat' dir='ltr'>ditatem‚virginem</span> <span class='ocrx_word' id='word_1_272' title='bbox 453 2435 521 2454; x_wconf 89' lang='lat' dir='ltr'>cum</span> <span class='ocrx_word' id='word_1_273' title='bbox 534 2425 714 2460; x_wconf 83' lang='lat' dir='ltr'>hereditate,</span> <span class='ocrx_word' id='word_1_274' title='bbox 729 2425 810 2454; x_wconf 83' lang='lat' dir='ltr'>diem</span> 
     </span>
     <span class='ocr_line' id='line_1_50' title="bbox 146 2467 812 2507; baseline -0.002 -9"><span class='ocrx_word' id='word_1_275' title='bbox 146 2479 246 2498; x_wconf 79' lang='lat' dir='ltr'>causae</span> <span class='ocrx_word' id='word_1_276' title='bbox 267 2472 327 2497; x_wconf 82' lang='lat' dir='ltr'>tuae</span> <span class='ocrx_word' id='word_1_277' title='bbox 350 2467 582 2507; x_wconf 70' lang='lat' dir='ltr'>cognoscendae.</span> <span class='ocrx_word' id='word_1_278' title='bbox 613 2468 812 2497; x_wconf 76' lang='lat' dir='ltr'>construitur</span> 
     </span>
     <span class='ocr_line' id='line_1_51' title="bbox 146 2511 812 2546; baseline -0.003 -5"><span class='ocrx_word' id='word_1_279' title='bbox 146 2521 214 2541; x_wconf 88' lang='lat' dir='ltr'>cum</span> <span class='ocrx_word' id='word_1_280' title='bbox 225 2511 433 2545; x_wconf 84' lang='lat' dir='ltr'>Nominativo,</span> <span class='ocrx_word' id='word_1_281' title='bbox 443 2511 597 2546; x_wconf 73' lang='lat' dir='ltr'>Genitim,</span> <span class='ocrx_word' id='word_1_282' title='bbox 610 2511 735 2546; x_wconf 73' lang='lat' dir='ltr'>Datim,</span> <span class='ocrx_word' id='word_1_283' title='bbox 751 2511 812 2541; x_wconf 89' lang='lat' dir='ltr'>Ac-</span> 
     </span>
     <span class='ocr_line' id='line_1_52' title="bbox 148 2553 812 2592; baseline -0.002 -9"><span class='ocrx_word' id='word_1_284' title='bbox 148 2554 286 2583; x_wconf 80' lang='lat' dir='ltr'>cusativo</span> <span class='ocrx_word' id='word_1_285' title='bbox 298 2558 328 2582; x_wconf 86' lang='lat' dir='ltr'>et</span> <span class='ocrx_word' id='word_1_286' title='bbox 339 2553 507 2583; x_wconf 80' lang='lat' dir='ltr'>Infinitive.</span> <span class='ocrx_word' id='word_1_287' title='bbox 536 2554 708 2592; x_wconf 81' lang='lat' dir='ltr'>Usurpatur</span> <span class='ocrx_word' id='word_1_288' title='bbox 723 2554 812 2583; x_wconf 89' lang='lat' dir='ltr'>modo</span> 
     </span>
     <span class='ocr_line' id='line_1_53' title="bbox 148 2597 813 2635; baseline -0.002 -9"><span class='ocrx_word' id='word_1_289' title='bbox 148 2597 330 2635; x_wconf 85' lang='lat' dir='ltr'>simpliciter</span> <span class='ocrx_word' id='word_1_290' title='bbox 345 2601 377 2626; x_wconf 90' lang='lat' dir='ltr'>et</span> <span class='ocrx_word' id='word_1_291' title='bbox 386 2597 478 2632; x_wconf 89' lang='lat' dir='ltr'>nude,</span> <span class='ocrx_word' id='word_1_292' title='bbox 490 2598 581 2626; x_wconf 89' lang='lat' dir='ltr'>modo</span> <span class='ocrx_word' id='word_1_293' title='bbox 597 2607 664 2625; x_wconf 87' lang='lat' dir='ltr'>cum</span> <span class='ocrx_word' id='word_1_294' title='bbox 676 2597 813 2626; x_wconf 84' lang='lat' dir='ltr'>substan-</span> 
     </span>
     <span class='ocr_line' id='line_1_54' title="bbox 150 2639 812 2680; baseline 0 -12"><span class='ocrx_word' id='word_1_295' title='bbox 150 2639 223 2668; x_wconf 84' lang='lat' dir='ltr'>tivis</span> <span class='ocrx_word' id='word_1_296' title='bbox 233 2639 392 2676; x_wconf 83' lang='lat' dir='ltr'>adjunctis.</span> <span class='ocrx_word' id='word_1_297' title='bbox 412 2639 434 2668; x_wconf 82' lang='grc' dir='ltr'>εἶ</span> <span class='ocrx_word' id='word_1_298' title='bbox 445 2639 548 2680; x_wconf 79' lang='grc' dir='ltr'>ἔλαχον</span> <span class='ocrx_word' id='word_1_299' title='bbox 560 2640 652 2679; x_wconf 71' lang='grc' dir='ltr'>ἱερεὺς,</span> <span class='ocrx_word' id='word_1_300' title='bbox 667 2639 691 2668; x_wconf 78' lang='lat' dir='ltr'>si</span> <span class='ocrx_word' id='word_1_301' title='bbox 702 2650 719 2668; x_wconf 85' lang='lat' dir='ltr'>a</span> <span class='ocrx_word' id='word_1_302' title='bbox 730 2644 812 2668; x_wconf 81' lang='lat' dir='ltr'>sorte</span> 
     </span>
     <span class='ocr_line' id='line_1_55' title="bbox 151 2680 814 2722; baseline 0.003 -12"><span class='ocrx_word' id='word_1_303' title='bbox 151 2683 293 2711; x_wconf 77' lang='lat' dir='ltr'>sacerdos</span> <span class='ocrx_word' id='word_1_304' title='bbox 316 2687 507 2721; x_wconf 80' lang='lat' dir='ltr'>nuncupatus</span> <span class='ocrx_word' id='word_1_305' title='bbox 527 2682 666 2717; x_wconf 75' lang='lat' dir='ltr'>fuissem,</span> <span class='ocrx_word' id='word_1_306' title='bbox 684 2683 719 2716; x_wconf 74' lang='grc' dir='ltr'>ὡς</span> <span class='ocrx_word' id='word_1_307' title='bbox 735 2680 814 2722; x_wconf 63' lang='grc' dir='ltr'>πξοε·</span> 
     </span>
     <span class='ocr_line' id='line_1_56' title="bbox 149 2723 815 2763; baseline 0.002 -10"><span class='ocrx_word' id='word_1_308' title='bbox 149 2723 256 2763; x_wconf 65' lang='grc' dir='ltr'>κςίθην,</span> <span class='ocrx_word' id='word_1_309' title='bbox 278 2728 310 2754; x_wconf 77' lang='lat' dir='ltr'>ut</span> <span class='ocrx_word' id='word_1_310' title='bbox 329 2729 417 2754; x_wconf 81' lang='lat' dir='ltr'>antea</span> <span class='ocrx_word' id='word_1_311' title='bbox 431 2735 449 2753; x_wconf 85' lang='lat' dir='ltr'>a</span> <span class='ocrx_word' id='word_1_312' title='bbox 463 2725 701 2763; x_wconf 80' lang='lat' dir='ltr'>municipalibus</span> <span class='ocrx_word' id='word_1_313' title='bbox 716 2726 815 2754; x_wconf 83' lang='lat' dir='ltr'>lectus</span> 
     </span>
     <span class='ocr_line' id='line_1_57' title="bbox 151 2767 813 2805; baseline 0.002 -9"><span class='ocrx_word' id='word_1_314' title='bbox 151 2769 276 2796; x_wconf 69' lang='lat' dir='ltr'>fueram.</span> <span class='ocrx_word' id='word_1_315' title='bbox 301 2769 396 2802; x_wconf 85' lang='grc'>1313,</span> <span class='ocrx_word' id='word_1_316' title='bbox 419 2769 470 2797; x_wconf 81' lang='grc'>24.</span> <span class='ocrx_word' id='word_1_317' title='bbox 499 2768 660 2802; x_wconf 72' lang='grc' dir='ltr'>κατιδόντες</span> <span class='ocrx_word' id='word_1_318' title='bbox 685 2767 813 2805; x_wconf 75' lang='grc' dir='ltr'>Θεογένην</span> 
     </span>
     <span class='ocr_line' id='line_1_58' title="bbox 152 2808 814 2850; baseline 0.002 -12"><span class='ocrx_word' id='word_1_319' title='bbox 152 2808 282 2850; x_wconf 76' lang='grc' dir='ltr'>λαχόντα</span> <span class='ocrx_word' id='word_1_320' title='bbox 311 2808 446 2840; x_wconf 76' lang='grc' dir='ltr'>Βασιλέα.</span> <span class='ocrx_word' id='word_1_321' title='bbox 477 2820 581 2848; x_wconf 81' lang='lat' dir='ltr'>regem</span> <span class='ocrx_word' id='word_1_322' title='bbox 613 2821 765 2840; x_wconf 77' lang='lat' dir='ltr'>sacrorum</span> <span class='ocrx_word' id='word_1_323' title='bbox 797 2821 814 2839; x_wconf 92' lang='lat' dir='ltr'>a</span> 
     </span>
     <span class='ocr_line' id='line_1_59' title="bbox 153 2852 814 2892; baseline 0.003 -12"><span class='ocrx_word' id='word_1_324' title='bbox 153 2859 235 2882; x_wconf 75' lang='lat' dir='ltr'>sorte</span> <span class='ocrx_word' id='word_1_325' title='bbox 250 2857 463 2890; x_wconf 76' lang='lat' dir='ltr'>nuncupatum.</span> <span class='ocrx_word' id='word_1_326' title='bbox 491 2855 587 2886; x_wconf 77' lang='lat'>1369,</span> <span class='ocrx_word' id='word_1_327' title='bbox 617 2855 667 2882; x_wconf 85' lang='lat'>16.</span> <span class='ocrx_word' id='word_1_328' title='bbox 701 2853 712 2882; x_wconf 81' lang='grc' dir='ltr'>ὅ</span> <span class='ocrx_word' id='word_1_329' title='bbox 741 2852 814 2892; x_wconf 76' lang='grc' dir='ltr'>μηδὲ</span> 
     </span>
     <span class='ocr_line' id='line_1_60' title="bbox 154 2893 814 2935; baseline 0.003 -12"><span class='ocrx_word' id='word_1_330' title='bbox 154 2896 255 2934; x_wconf 76' lang='grc' dir='ltr'>λαχεῖν</span> <span class='ocrx_word' id='word_1_331' title='bbox 270 2893 417 2934; x_wconf 68' lang='grc' dir='ltr'>εὐχόμενος</span> <span class='ocrx_word' id='word_1_332' title='bbox 427 2897 480 2923; x_wconf 80' lang='grc' dir='ltr'>τῶν</span> <span class='ocrx_word' id='word_1_333' title='bbox 492 2893 623 2932; x_wconf 75' lang='grc' dir='ltr'>ἐξιόντων,</span> <span class='ocrx_word' id='word_1_334' title='bbox 635 2895 677 2925; x_wconf 71' lang='grc' dir='ltr'>ὅτ’</span> <span class='ocrx_word' id='word_1_335' title='bbox 692 2894 814 2935; x_wconf 66' lang='grc' dir='ltr'>ἔκληξοῦ.</span> 
     </span>
     <span class='ocr_line' id='line_1_61' title="bbox 154 2937 815 2968; baseline 0 -1"><span class='ocrx_word' id='word_1_336' title='bbox 154 2948 220 2967; x_wconf 83' lang='lat' dir='ltr'>cum</span> <span class='ocrx_word' id='word_1_337' title='bbox 245 2937 274 2966; x_wconf 90' lang='lat' dir='ltr'>iu</span> <span class='ocrx_word' id='word_1_338' title='bbox 300 2937 423 2966; x_wconf 78' lang='lat' dir='ltr'>delectu</span> <span class='ocrx_word' id='word_1_339' title='bbox 448 2937 570 2966; x_wconf 75' lang='lat' dir='ltr'>militari</span> <span class='ocrx_word' id='word_1_340' title='bbox 601 2948 707 2967; x_wconf 82' lang='lat' dir='ltr'>nomen</span> <span class='ocrx_word' id='word_1_341' title='bbox 731 2944 815 2968; x_wconf 82' lang='lat' dir='ltr'>tuum</span> 
     </span>
     <span class='ocr_line' id='line_1_62' title="bbox 151 2979 816 3019; baseline 0.002 -10"><span class='ocrx_word' id='word_1_342' title='bbox 151 2979 392 3019; x_wconf 75' lang='lat' dir='ltr'>periclitaretur,</span> <span class='ocrx_word' id='word_1_343' title='bbox 408 2980 547 3018; x_wconf 82' lang='lat' dir='ltr'>optabas,</span> <span class='ocrx_word' id='word_1_344' title='bbox 564 2985 597 3010; x_wconf 79' lang='lat' dir='ltr'>ut</span> <span class='ocrx_word' id='word_1_345' title='bbox 611 2981 643 3011; x_wconf 84' lang='lat' dir='ltr'>id</span> <span class='ocrx_word' id='word_1_346' title='bbox 664 2982 694 3010; x_wconf 88' lang='lat' dir='ltr'>in</span> <span class='ocrx_word' id='word_1_347' title='bbox 713 2991 816 3011; x_wconf 85' lang='lat' dir='ltr'>eorum</span> 
     </span>
    </p>
   </div>
   <div class='ocr_carea' id='block_1_5' title="bbox 1448 180 1524 219">
    <p class='ocr_par' dir='ltr' id='par_1_16' title="bbox 1448 180 1524 219">
     <span class='ocr_line' id='line_1_63' title="bbox 1448 180 1524 219; baseline 0 0"><span class='ocrx_word' id='word_1_348' title='bbox 1448 180 1524 219; x_wconf 83' lang='lat'>173</span> 
     </span>
    </p>
   </div>
   <div class='ocr_carea' id='block_1_6' title="bbox 834 278 1563 3022">
    <p class='ocr_par' dir='ltr' id='par_1_17' title="bbox 864 278 1544 1563">
     <span class='ocr_line' id='line_1_64' title="bbox 864 278 1526 321; baseline 0.005 -10"><span class='ocrx_word' id='word_1_349' title='bbox 864 292 1003 318; x_wconf 86' lang='lat' dir='ltr'>numero,</span> <span class='ocrx_word' id='word_1_350' title='bbox 1022 278 1140 321; x_wconf 78' lang='lat' dir='ltr'>&#39;quibus</span> <span class='ocrx_word' id='word_1_351' title='bbox 1169 283 1198 312; x_wconf 89' lang='lat' dir='ltr'>in</span> <span class='ocrx_word' id='word_1_352' title='bbox 1226 289 1326 314; x_wconf 81' lang='lat' dir='ltr'>castra</span> <span class='ocrx_word' id='word_1_353' title='bbox 1355 285 1526 314; x_wconf 76' lang='lat' dir='ltr'>exeundum</span> 
     </span>
     <span class='ocr_line' id='line_1_65' title="bbox 864 324 1525 362; baseline 0.005 -8"><span class='ocrx_word' id='word_1_354' title='bbox 864 330 958 359; x_wconf 80' lang='lat' dir='ltr'>esset,</span> <span class='ocrx_word' id='word_1_355' title='bbox 975 324 1090 354; x_wconf 88' lang='lat' dir='ltr'>nullum</span> <span class='ocrx_word' id='word_1_356' title='bbox 1105 328 1290 362; x_wconf 76' lang='lat' dir='ltr'>esset-553,</span> <span class='ocrx_word' id='word_1_357' title='bbox 1306 330 1356 356; x_wconf 83' lang='lat'>14.</span> <span class='ocrx_word' id='word_1_358' title='bbox 1383 328 1434 357; x_wconf 88' lang='lat' dir='ltr'>ubi</span> <span class='ocrx_word' id='word_1_359' title='bbox 1452 328 1525 357; x_wconf 88' lang='lat' dir='ltr'>sub-</span> 
     </span>
     <span class='ocr_line' id='line_1_66' title="bbox 865 365 1532 410; baseline 0.005 -14"><span class='ocrx_word' id='word_1_360' title='bbox 865 368 987 397; x_wconf 81' lang='lat' dir='ltr'>auditur</span> <span class='ocrx_word' id='word_1_361' title='bbox 1017 365 1066 401; x_wconf 85' lang='grc' dir='ltr'>εις.</span> <span class='ocrx_word' id='word_1_362' title='bbox 1104 367 1181 406; x_wconf 82' lang='grc' dir='ltr'>φόνου</span> <span class='ocrx_word' id='word_1_363' title='bbox 1210 380 1241 398; x_wconf 86' lang='grc' dir='ltr'>αν</span> <span class='ocrx_word' id='word_1_364' title='bbox 1269 369 1382 403; x_wconf 77' lang='grc' dir='ltr'>εἰκότως</span> <span class='ocrx_word' id='word_1_365' title='bbox 1409 369 1532 410; x_wconf 74' lang='grc' dir='ltr'>ἐμαυτῷ</span> 
     </span>
     <span class='ocr_line' id='line_1_67' title="bbox 865 409 1529 451; baseline 0.005 -12"><span class='ocrx_word' id='word_1_366' title='bbox 865 412 981 451; x_wconf 84' lang='grc' dir='ltr'>λαχεῖν,</span> <span class='ocrx_word' id='word_1_367' title='bbox 997 410 1126 440; x_wconf 87' lang='lat' dir='ltr'>subaudi</span> <span class='ocrx_word' id='word_1_368' title='bbox 1141 409 1224 441; x_wconf 82' lang='grc' dir='ltr'>δίκην.</span> <span class='ocrx_word' id='word_1_369' title='bbox 1243 417 1364 450; x_wconf 75' lang='lat' dir='ltr'>egomet</span> <span class='ocrx_word' id='word_1_370' title='bbox 1380 412 1447 451; x_wconf 88' lang='lat' dir='ltr'>ipse</span> <span class='ocrx_word' id='word_1_371' title='bbox 1467 423 1529 442; x_wconf 90' lang='lat' dir='ltr'>me-</span> 
     </span>
     <span class='ocr_line' id='line_1_68' title="bbox 865 453 1529 493; baseline 0.005 -11"><span class='ocrx_word' id='word_1_372' title='bbox 865 459 927 482; x_wconf 87' lang='lat' dir='ltr'>met</span> <span class='ocrx_word' id='word_1_373' title='bbox 941 453 1035 483; x_wconf 86' lang='lat' dir='ltr'>caedis</span> <span class='ocrx_word' id='word_1_374' title='bbox 1050 457 1177 492; x_wconf 58' lang='lat' dir='ltr'>patratae</span> <span class='ocrx_word' id='word_1_375' title='bbox 1192 464 1276 483; x_wconf 90' lang='lat' dir='ltr'>reum</span> <span class='ocrx_word' id='word_1_376' title='bbox 1293 464 1393 493; x_wconf 83' lang='lat' dir='ltr'>agere·</span> <span class='ocrx_word' id='word_1_377' title='bbox 1408 456 1483 491; x_wconf 86' lang='lat'><strong>554,</strong></span> <span class='ocrx_word' id='word_1_378' title='bbox 1498 458 1529 485; x_wconf 85' lang='lat'>4.</span> 
     </span>
     <span class='ocr_line' id='line_1_69' title="bbox 865 494 1530 538; baseline 0.003 -13"><span class='ocrx_word' id='word_1_379' title='bbox 865 494 1012 536; x_wconf 76' lang='grc' dir='ltr'>ἐλάχομεν</span> <span class='ocrx_word' id='word_1_380' title='bbox 1033 497 1082 526; x_wconf 85' lang='grc' dir='ltr'>τοῦ</span> <span class='ocrx_word' id='word_1_381' title='bbox 1105 496 1204 536; x_wconf 66' lang='grc' dir='ltr'>κλήρου</span> <span class='ocrx_word' id='word_1_382' title='bbox 1225 507 1298 537; x_wconf 64' lang='grc' dir='ltr'>προς</span> <span class='ocrx_word' id='word_1_383' title='bbox 1326 495 1371 526; x_wconf 69' lang='grc' dir='ltr'>τὸν</span> <span class='ocrx_word' id='word_1_384' title='bbox 1397 497 1530 538; x_wconf 78' lang='grc' dir='ltr'>ἄρχοντα.</span> 
     </span>
     <span class='ocr_line' id='line_1_70' title="bbox 868 539 1532 578; baseline 0.003 -11"><span class='ocrx_word' id='word_1_385' title='bbox 868 539 1094 577; x_wconf 76' lang='lat' dir='ltr'>postulabamus</span> <span class='ocrx_word' id='word_1_386' title='bbox 1113 539 1146 569; x_wconf 89' lang='lat' dir='ltr'>in</span> <span class='ocrx_word' id='word_1_387' title='bbox 1166 541 1236 578; x_wconf 84' lang='lat' dir='ltr'>jure</span> <span class='ocrx_word' id='word_1_388' title='bbox 1258 539 1456 569; x_wconf 81' lang='lat' dir='ltr'>hereditatem</span> <span class='ocrx_word' id='word_1_389' title='bbox 1481 550 1532 569; x_wconf 79' lang='lat' dir='ltr'>ex-</span> 
     </span>
     <span class='ocr_line' id='line_1_71' title="bbox 867 581 1530 620; baseline 0.002 -10"><span class='ocrx_word' id='word_1_390' title='bbox 867 581 1001 611; x_wconf 87' lang='lat' dir='ltr'>hibendo</span> <span class='ocrx_word' id='word_1_391' title='bbox 1018 582 1165 612; x_wconf 83' lang='lat' dir='ltr'>Archonti</span> <span class='ocrx_word' id='word_1_392' title='bbox 1179 581 1283 612; x_wconf 89' lang='lat' dir='ltr'>libello</span> <span class='ocrx_word' id='word_1_393' title='bbox 1298 582 1454 620; x_wconf 74' lang='lat' dir='ltr'>petitorio,</span> <span class='ocrx_word' id='word_1_394' title='bbox 1471 593 1530 620; x_wconf 80' lang='lat' dir='ltr'>quo</span> 
     </span>
     <span class='ocr_line' id='line_1_72' title="bbox 868 624 1533 665; baseline 0 -12"><span class='ocrx_word' id='word_1_395' title='bbox 868 624 974 654; x_wconf 86' lang='lat' dir='ltr'>titulos</span> <span class='ocrx_word' id='word_1_396' title='bbox 994 624 1229 665; x_wconf 82' lang='lat' dir='ltr'>praetensionum</span> <span class='ocrx_word' id='word_1_397' title='bbox 1249 630 1422 654; x_wconf 79' lang='lat' dir='ltr'>nostrarum</span> <span class='ocrx_word' id='word_1_398' title='bbox 1438 635 1533 663; x_wconf 75' lang='lat' dir='ltr'>expo-</span> 
     </span>
     <span class='ocr_line' id='line_1_73' title="bbox 869 667 1534 708; baseline 0 -12"><span class='ocrx_word' id='word_1_399' title='bbox 869 677 1038 697; x_wconf 81' lang='lat' dir='ltr'>sueramus.</span> <span class='ocrx_word' id='word_1_400' title='bbox 1060 670 1154 703; x_wconf 88' lang='grc'>1089,</span> <span class='ocrx_word' id='word_1_401' title='bbox 1169 670 1223 698; x_wconf 90' lang='grc'>17.</span> <span class='ocrx_word' id='word_1_402' title='bbox 1246 669 1342 704; x_wconf 91' lang='grc'>1090,</span> <span class='ocrx_word' id='word_1_403' title='bbox 1357 670 1408 699; x_wconf 90' lang='grc'>24.</span> <span class='ocrx_word' id='word_1_404' title='bbox 1431 667 1534 708; x_wconf 80' lang='grc' dir='ltr'>λαχεῖν</span> 
     </span>
     <span class='ocr_line' id='line_1_74' title="bbox 869 709 1534 762; baseline 0.003 -24"><span class='ocrx_word' id='word_1_405' title='bbox 869 709 921 739; x_wconf 80' lang='grc' dir='ltr'>ἔδει</span> <span class='ocrx_word' id='word_1_406' title='bbox 932 721 982 743; x_wconf 81' lang='grc' dir='ltr'>της</span> <span class='ocrx_word' id='word_1_407' title='bbox 997 709 1163 761; x_wconf 67' lang='grc' dir='ltr'>ε’ῑῑνωιλνίρουΝ</span> <span class='ocrx_word' id='word_1_408' title='bbox 1173 710 1255 750; x_wconf 82' lang='lat' dir='ltr'>[scil.</span> <span class='ocrx_word' id='word_1_409' title='bbox 1258 709 1369 762; x_wconf 82' lang='grc' dir='ltr'>δίκην].</span> <span class='ocrx_word' id='word_1_410' title='bbox 1393 712 1487 746; x_wconf 85' lang='grc'>1136,</span> <span class='ocrx_word' id='word_1_411' title='bbox 1502 712 1534 740; x_wconf 87' lang='grc'>4.</span> 
     </span>
     <span class='ocr_line' id='line_1_75' title="bbox 870 751 1534 794; baseline -0.002 -13"><span class='ocrx_word' id='word_1_412' title='bbox 870 751 896 782; x_wconf 82' lang='grc' dir='ltr'>ἐν</span> <span class='ocrx_word' id='word_1_413' title='bbox 910 751 1002 792; x_wconf 78' lang='grc' dir='ltr'>τούτῳ</span> <span class='ocrx_word' id='word_1_414' title='bbox 1017 764 1057 792; x_wconf 73' lang='grc' dir='ltr'>τῳ</span> <span class='ocrx_word' id='word_1_415' title='bbox 1078 753 1163 794; x_wconf 70' lang='grc' dir='ltr'>καιρῷ</span> <span class='ocrx_word' id='word_1_416' title='bbox 1180 752 1265 793; x_wconf 80' lang='grc' dir='ltr'>ἕτεροι</span> <span class='ocrx_word' id='word_1_417' title='bbox 1278 764 1348 787; x_wconf 87' lang='grc' dir='ltr'>τινες</span> <span class='ocrx_word' id='word_1_418' title='bbox 1365 752 1469 794; x_wconf 81' lang='grc' dir='ltr'>ἔλαχον</span> <span class='ocrx_word' id='word_1_419' title='bbox 1484 754 1534 782; x_wconf 79' lang='grc' dir='ltr'>τοῦ</span> 
     </span>
     <span class='ocr_line' id='line_1_76' title="bbox 869 795 1536 836; baseline 0.001 -12"><span class='ocrx_word' id='word_1_420' title='bbox 869 795 969 834; x_wconf 67' lang='grc' dir='ltr'>κληςου</span> <span class='ocrx_word' id='word_1_421' title='bbox 990 807 1039 825; x_wconf 86' lang='grc' dir='ltr'>του</span> <span class='ocrx_word' id='word_1_422' title='bbox 1060 795 1181 830; x_wconf 77' lang='grc' dir='ltr'>Κόνωνος.</span> <span class='ocrx_word' id='word_1_423' title='bbox 1204 799 1300 832; x_wconf 76' lang='lat'>1173,</span> <span class='ocrx_word' id='word_1_424' title='bbox 1321 799 1352 827; x_wconf 92' lang='grc'>3.</span> <span class='ocrx_word' id='word_1_425' title='bbox 1378 807 1451 836; x_wconf 67' lang='grc' dir='ltr'>’ω’ξος</span> <span class='ocrx_word' id='word_1_426' title='bbox 1471 807 1536 830; x_wconf 87' lang='grc' dir='ltr'>τους</span> 
     </span>
     <span class='ocr_line' id='line_1_77' title="bbox 870 837 1536 879; baseline 0.003 -13"><span class='ocrx_word' id='word_1_427' title='bbox 870 848 892 867; x_wconf 83' lang='grc' dir='ltr'>ει</span> <span class='ocrx_word' id='word_1_428' title='bbox 885 837 1025 878; x_wconf 79' lang='grc' dir='ltr'>ληχότας</span> <span class='ocrx_word' id='word_1_429' title='bbox 1045 850 1113 878; x_wconf 87' lang='grc' dir='ltr'>ημιν</span> <span class='ocrx_word' id='word_1_430' title='bbox 1135 837 1390 879; x_wconf 64' lang='grc' dir='ltr'>παρεγαψάμεθα.</span> <span class='ocrx_word' id='word_1_431' title='bbox 1411 841 1536 874; x_wconf 86' lang='grc'>985,1.</span> 
     </span>
     <span class='ocr_line' id='line_1_78' title="bbox 870 879 1536 934; baseline 0.002 -25"><span class='ocrx_word' id='word_1_432' title='bbox 870 879 1014 921; x_wconf 78' lang='grc' dir='ltr'>τέτταρας</span> <span class='ocrx_word' id='word_1_433' title='bbox 1033 882 1170 934; x_wconf 79' lang='grc' dir='ltr'>εἶληχασι</span> <span class='ocrx_word' id='word_1_434' title='bbox 1193 880 1270 916; x_wconf 81' lang='grc' dir='ltr'>δίκας</span> <span class='ocrx_word' id='word_1_435' title='bbox 1292 883 1463 920; x_wconf 83' lang='grc' dir='ltr'>ημιν.985,</span> <span class='ocrx_word' id='word_1_436' title='bbox 1484 883 1536 911; x_wconf 91' lang='grc'>10.</span> 
     </span>
     <span class='ocr_line' id='line_1_79' title="bbox 871 922 1537 975; baseline 0.005 -24"><span class='ocrx_word' id='word_1_437' title='bbox 871 923 964 964; x_wconf 74' lang='grc' dir='ltr'>ἐρχας</span> <span class='ocrx_word' id='word_1_438' title='bbox 978 923 1068 975; x_wconf 83' lang='grc' dir='ltr'>ἔλαχε</span> <span class='ocrx_word' id='word_1_439' title='bbox 1081 925 1131 954; x_wconf 85' lang='grc' dir='ltr'>κάι</span> <span class='ocrx_word' id='word_1_440' title='bbox 1144 922 1207 965; x_wconf 80' lang='grc' dir='ltr'>ηρξε</span> <span class='ocrx_word' id='word_1_441' title='bbox 1225 922 1422 964; x_wconf 62' lang='grc' dir='ltr'>δοκιμασθείς.</span> <span class='ocrx_word' id='word_1_442' title='bbox 1442 926 1537 960; x_wconf 87' lang='grc'>1306,</span> 
     </span>
     <span class='ocr_line' id='line_1_80' title="bbox 874 964 1539 1008; baseline 0.002 -13"><span class='ocrx_word' id='word_1_443' title='bbox 874 968 924 996; x_wconf 89' lang='grc'>14.</span> <span class='ocrx_word' id='word_1_444' title='bbox 948 965 1024 997; x_wconf 84' lang='grc' dir='ltr'>ηνίκα</span> <span class='ocrx_word' id='word_1_445' title='bbox 1037 969 1094 1001; x_wconf 86' lang='grc' dir='ltr'>τας</span> <span class='ocrx_word' id='word_1_446' title='bbox 1113 964 1192 1000; x_wconf 80' lang='grc' dir='ltr'>δίκας</span> <span class='ocrx_word' id='word_1_447' title='bbox 1211 967 1315 1008; x_wconf 83' lang='grc' dir='ltr'>ἔλαχον</span> <span class='ocrx_word' id='word_1_448' title='bbox 1329 969 1384 996; x_wconf 78' lang='grc' dir='ltr'>τῶν</span> <span class='ocrx_word' id='word_1_449' title='bbox 1397 965 1539 1008; x_wconf 63' lang='grc' dir='ltr'>πατρῴων</span> 
     </span>
     <span class='ocr_line' id='line_1_81' title="bbox 873 1008 1540 1049; baseline 0.003 -11"><span class='ocrx_word' id='word_1_450' title='bbox 873 1020 932 1043; x_wconf 84' lang='grc' dir='ltr'>τοις</span> <span class='ocrx_word' id='word_1_451' title='bbox 946 1008 1123 1049; x_wconf 67' lang='grc' dir='ltr'>εωιτρόποις.</span> <span class='ocrx_word' id='word_1_452' title='bbox 1135 1011 1212 1047; x_wconf 83' lang='grc'>539,</span> <span class='ocrx_word' id='word_1_453' title='bbox 1226 1013 1278 1041; x_wconf 91' lang='grc'>23.</span> <span class='ocrx_word' id='word_1_454' title='bbox 1302 1010 1349 1040; x_wconf 76' lang='grc' dir='ltr'>οὐκ</span> <span class='ocrx_word' id='word_1_455' title='bbox 1364 1010 1396 1040; x_wconf 86' lang='grc' dir='ltr'>αν</span> <span class='ocrx_word' id='word_1_456' title='bbox 1407 1021 1476 1040; x_wconf 87' lang='grc' dir='ltr'>ποτε</span> <span class='ocrx_word' id='word_1_457' title='bbox 1492 1021 1540 1040; x_wconf 84' lang='grc' dir='ltr'>την</span> 
     </span>
     <span class='ocr_line' id='line_1_82' title="bbox 874 1050 1540 1094; baseline 0.003 -15"><span class='ocrx_word' id='word_1_458' title='bbox 874 1050 945 1083; x_wconf 87' lang='grc' dir='ltr'>δίκην</span> <span class='ocrx_word' id='word_1_459' title='bbox 954 1052 1032 1090; x_wconf 81' lang='grc' dir='ltr'>αὐτῳ</span> <span class='ocrx_word' id='word_1_460' title='bbox 1044 1051 1201 1094; x_wconf 74' lang='grc' dir='ltr'>ἐλάχομεν.</span> <span class='ocrx_word' id='word_1_461' title='bbox 1215 1055 1355 1089; x_wconf 89' lang='grc' dir='ltr'>907,1Ο.</span> <span class='ocrx_word' id='word_1_462' title='bbox 1379 1053 1540 1093; x_wconf 81' lang='grc' dir='ltr'>λαγχάνου-</span> 
     </span>
     <span class='ocr_line' id='line_1_83' title="bbox 874 1095 1540 1135; baseline 0.002 -12"><span class='ocrx_word' id='word_1_463' title='bbox 874 1105 919 1124; x_wconf 90' lang='grc' dir='ltr'>σιν</span> <span class='ocrx_word' id='word_1_464' title='bbox 940 1107 962 1124; x_wconf 90' lang='grc' dir='ltr'>οι</span> <span class='ocrx_word' id='word_1_465' title='bbox 984 1097 1142 1129; x_wconf 80' lang='grc' dir='ltr'>Πλαταιεῖς</span> <span class='ocrx_word' id='word_1_466' title='bbox 1164 1095 1236 1127; x_wconf 85' lang='grc' dir='ltr'>δίκην</span> <span class='ocrx_word' id='word_1_467' title='bbox 1258 1095 1481 1135; x_wconf 76' lang='grc' dir='ltr'>Λακεδαιμονίοις</span> <span class='ocrx_word' id='word_1_468' title='bbox 1501 1095 1540 1129; x_wconf 87' lang='grc' dir='ltr'>εις</span> 
     </span>
     <span class='ocr_line' id='line_1_84' title="bbox 874 1136 1539 1180; baseline 0.003 -14"><span class='ocrx_word' id='word_1_469' title='bbox 874 1148 938 1171; x_wconf 82' lang='grc' dir='ltr'>τους</span> <span class='ocrx_word' id='word_1_470' title='bbox 945 1136 1156 1178; x_wconf 79' lang='grc' dir='ltr'>Ἀμφικτύονας</span> <span class='ocrx_word' id='word_1_471' title='bbox 1164 1138 1264 1180; x_wconf 83' lang='grc' dir='ltr'>χιλίων</span> <span class='ocrx_word' id='word_1_472' title='bbox 1274 1140 1434 1168; x_wconf 78' lang='grc' dir='ltr'>ταλάντων.</span> <span class='ocrx_word' id='word_1_473' title='bbox 1443 1140 1539 1174; x_wconf 85' lang='grc'>1378,</span> 
     </span>
     <span class='ocr_line' id='line_1_85' title="bbox 876 1179 1543 1222; baseline 0.002 -13"><span class='ocrx_word' id='word_1_474' title='bbox 876 1182 929 1210; x_wconf 92' lang='grc'>10.</span> <span class='ocrx_word' id='word_1_475' title='bbox 950 1179 1021 1210; x_wconf 65' lang='grc' dir='ltr'>λάζε</span> <span class='ocrx_word' id='word_1_476' title='bbox 1037 1193 1089 1221; x_wconf 81' lang='grc' dir='ltr'>μοι</span> <span class='ocrx_word' id='word_1_477' title='bbox 1105 1180 1138 1211; x_wconf 79' lang='grc' dir='ltr'>τὸ</span> <span class='ocrx_word' id='word_1_478' title='bbox 1153 1181 1302 1222; x_wconf 81' lang='grc' dir='ltr'>ἔγκλημα,</span> <span class='ocrx_word' id='word_1_479' title='bbox 1318 1195 1330 1211; x_wconf 89' lang='grc' dir='ltr'>ο</span> <span class='ocrx_word' id='word_1_480' title='bbox 1345 1181 1448 1222; x_wconf 81' lang='grc' dir='ltr'>ἔλαχον</span> <span class='ocrx_word' id='word_1_481' title='bbox 1463 1181 1543 1220; x_wconf 78' lang='grc' dir='ltr'>αὖτᾴῖ</span> 
     </span>
     <span class='ocr_line' id='line_1_86' title="bbox 875 1221 1542 1265; baseline 0.003 -14"><span class='ocrx_word' id='word_1_482' title='bbox 875 1221 985 1263; x_wconf 70' lang='grc' dir='ltr'>πέρυσι.</span> <span class='ocrx_word' id='word_1_483' title='bbox 995 1226 1069 1260; x_wconf 80' lang='grc'>912,</span> <span class='ocrx_word' id='word_1_484' title='bbox 1083 1227 1113 1254; x_wconf 88' lang='grc'>2.</span> <span class='ocrx_word' id='word_1_485' title='bbox 1125 1225 1264 1265; x_wconf 78' lang='grc' dir='ltr'>λαγχάνει</span> <span class='ocrx_word' id='word_1_486' title='bbox 1276 1224 1423 1258; x_wconf 76' lang='grc' dir='ltr'>βουλεύειν.</span> <span class='ocrx_word' id='word_1_487' title='bbox 1434 1229 1542 1253; x_wconf 81' lang='lat' dir='ltr'>asorte</span> 
     </span>
     <span class='ocr_line' id='line_1_87' title="bbox 876 1264 1545 1308; baseline 0.006 -14"><span class='ocrx_word' id='word_1_488' title='bbox 876 1270 995 1295; x_wconf 88' lang='lat' dir='ltr'>creatur</span> <span class='ocrx_word' id='word_1_489' title='bbox 1010 1272 1142 1297; x_wconf 87' lang='lat' dir='ltr'>senator.</span> <span class='ocrx_word' id='word_1_490' title='bbox 1159 1269 1256 1302; x_wconf 83' lang='grc'>1346,</span> <span class='ocrx_word' id='word_1_491' title='bbox 1270 1270 1301 1297; x_wconf 88' lang='grc'>2.</span> <span class='ocrx_word' id='word_1_492' title='bbox 1324 1268 1337 1297; x_wconf 83' lang='grc' dir='ltr'>ὅ</span> <span class='ocrx_word' id='word_1_493' title='bbox 1350 1266 1373 1296; x_wconf 81' lang='grc' dir='ltr'>δ’</span> <span class='ocrx_word' id='word_1_494' title='bbox 1388 1264 1422 1296; x_wconf 72' lang='grc' dir='ltr'>ὦν</span> <span class='ocrx_word' id='word_1_495' title='bbox 1437 1266 1469 1296; x_wconf 66' lang='grc' dir='ltr'>ἂν</span> <span class='ocrx_word' id='word_1_496' title='bbox 1483 1266 1545 1308; x_wconf 71' lang='grc' dir='ltr'>αφῐῖ</span> 
     </span>
     <span class='ocr_line' id='line_1_88' title="bbox 877 1300 1542 1350; baseline 0 -13"><span class='ocrx_word' id='word_1_497' title='bbox 877 1308 963 1338; x_wconf 83' lang='grc' dir='ltr'>πάλιν</span> <span class='ocrx_word' id='word_1_498' title='bbox 977 1309 1141 1350; x_wconf 79' lang='grc' dir='ltr'>λαγχάνων.</span> <span class='ocrx_word' id='word_1_499' title='bbox 1157 1312 1232 1347; x_wconf 88' lang='grc'>972,</span> <span class='ocrx_word' id='word_1_500' title='bbox 1248 1312 1301 1340; x_wconf 88' lang='grc'>19.</span> <span class='ocrx_word' id='word_1_501' title='bbox 1322 1309 1387 1350; x_wconf 77' lang='grc' dir='ltr'>πρὸς</span> <span class='ocrx_word' id='word_1_502' title='bbox 1401 1321 1447 1339; x_wconf 87' lang='grc' dir='ltr'>τον</span> <span class='ocrx_word' id='word_1_503' title='bbox 1457 1300 1542 1339; x_wconf 68' lang='lat' dir='ltr'>Casi-</span> 
     </span>
     <span class='ocr_line' id='line_1_89' title="bbox 876 1348 1542 1394; baseline 0.003 -15"><span class='ocrx_word' id='word_1_504' title='bbox 876 1348 930 1380; x_wconf 79' lang='grc' dir='ltr'>λέα</span> <span class='ocrx_word' id='word_1_505' title='bbox 944 1353 986 1391; x_wconf 73' lang='grc' dir='ltr'>μὴ</span> <span class='ocrx_word' id='word_1_506' title='bbox 1002 1353 1167 1394; x_wconf 76' lang='grc' dir='ltr'>λαγχάνειν.</span> <span class='ocrx_word' id='word_1_507' title='bbox 1181 1363 1302 1383; x_wconf 81' lang='lat' dir='ltr'>causam</span> <span class='ocrx_word' id='word_1_508' title='bbox 1317 1354 1354 1382; x_wconf 86' lang='lat' dir='ltr'>ad</span> <span class='ocrx_word' id='word_1_509' title='bbox 1366 1352 1465 1382; x_wconf 81' lang='lat' dir='ltr'>forum</span> <span class='ocrx_word' id='word_1_510' title='bbox 1481 1353 1542 1381; x_wconf 81' lang='lat' dir='ltr'>Re-</span> 
     </span>
     <span class='ocr_line' id='line_1_90' title="bbox 877 1393 1542 1433; baseline 0.003 -10"><span class='ocrx_word' id='word_1_511' title='bbox 877 1393 924 1433; x_wconf 87' lang='lat' dir='ltr'>gis</span> <span class='ocrx_word' id='word_1_512' title='bbox 951 1405 1103 1425; x_wconf 87' lang='lat' dir='ltr'>sacrorum</span> <span class='ocrx_word' id='word_1_513' title='bbox 1129 1406 1191 1425; x_wconf 89' lang='lat' dir='ltr'>non</span> <span class='ocrx_word' id='word_1_514' title='bbox 1214 1395 1344 1425; x_wconf 84' lang='lat' dir='ltr'>deferre.</span> <span class='ocrx_word' id='word_1_515' title='bbox 1369 1397 1465 1430; x_wconf 83' lang='lat'>1160,</span> <span class='ocrx_word' id='word_1_516' title='bbox 1490 1397 1542 1426; x_wconf 86' lang='grc'>21.</span> 
     </span>
     <span class='ocr_line' id='line_1_91' title="bbox 877 1434 1544 1479; baseline 0.004 -14"><span class='ocrx_word' id='word_1_517' title='bbox 877 1434 1019 1467; x_wconf 77' lang='grc' dir='ltr'>πείσαντα</span> <span class='ocrx_word' id='word_1_518' title='bbox 1045 1438 1122 1477; x_wconf 73' lang='grc' dir='ltr'>ὑμῶν</span> <span class='ocrx_word' id='word_1_519' title='bbox 1145 1450 1210 1473; x_wconf 82' lang='grc' dir='ltr'>τους</span> <span class='ocrx_word' id='word_1_520' title='bbox 1228 1437 1375 1479; x_wconf 82' lang='grc' dir='ltr'>λαχόντας</span> <span class='ocrx_word' id='word_1_521' title='bbox 1396 1437 1544 1477; x_wconf 84' lang='lat' dir='ltr'>[subaudi</span> 
     </span>
     <span class='ocr_line' id='line_1_92' title="bbox 876 1479 1544 1522; baseline 0.001 -13"><span class='ocrx_word' id='word_1_522' title='bbox 876 1479 1021 1522; x_wconf 64' lang='grc' dir='ltr'>δικάζειν]</span> <span class='ocrx_word' id='word_1_523' title='bbox 1034 1483 1131 1515; x_wconf 78' lang='grc'>1136,</span> <span class='ocrx_word' id='word_1_524' title='bbox 1141 1484 1171 1512; x_wconf 87' lang='grc'>9.</span> <span class='ocrx_word' id='word_1_525' title='bbox 1193 1483 1242 1513; x_wconf 79' lang='grc' dir='ltr'>τῆν</span> <span class='ocrx_word' id='word_1_526' title='bbox 1253 1483 1302 1511; x_wconf 83' lang='grc' dir='ltr'>τοῦ</span> <span class='ocrx_word' id='word_1_527' title='bbox 1316 1492 1430 1522; x_wconf 69' lang='grc' dir='ltr'>ωατςος</span> <span class='ocrx_word' id='word_1_528' title='bbox 1442 1482 1544 1522; x_wconf 62' lang='grc' dir='ltr'>μοῖραν</span> 
     </span>
     <span class='ocr_line' id='line_1_93' title="bbox 877 1523 1193 1563; baseline 0.013 -12"><span class='ocrx_word' id='word_1_529' title='bbox 877 1523 1039 1563; x_wconf 80' lang='grc' dir='ltr'>λαγχάνειν.</span> <span class='ocrx_word' id='word_1_530' title='bbox 1055 1526 1152 1561; x_wconf 88' lang='grc'>1067,</span> <span class='ocrx_word' id='word_1_531' title='bbox 1162 1527 1193 1555; x_wconf 94' lang='grc'>5.</span> 
     </span>
    </p>

    <p class='ocr_par' dir='ltr' id='par_1_18' title="bbox 834 1564 1544 1683">
     <span class='ocr_line' id='line_1_94' title="bbox 834 1564 1544 1607; baseline 0.003 -14"><span class='ocrx_word' id='word_1_532' title='bbox 834 1567 915 1603; x_wconf 83' lang='grc' dir='ltr'>λαγῶ</span> <span class='ocrx_word' id='word_1_533' title='bbox 937 1565 985 1606; x_wconf 81' lang='lat' dir='ltr'>[id</span> <span class='ocrx_word' id='word_1_534' title='bbox 1006 1572 1064 1602; x_wconf 84' lang='lat' dir='ltr'>est,</span> <span class='ocrx_word' id='word_1_535' title='bbox 1086 1566 1212 1607; x_wconf 73' lang='grc' dir='ltr'>λαγςυοῦ]</span> <span class='ocrx_word' id='word_1_536' title='bbox 1229 1564 1282 1597; x_wconf 64' lang='grc' dir='ltr'>ῥίον</span> <span class='ocrx_word' id='word_1_537' title='bbox 1297 1566 1370 1607; x_wconf 77' lang='grc' dir='ltr'>ἔζης,</span> <span class='ocrx_word' id='word_1_538' title='bbox 1391 1566 1481 1599; x_wconf 67' lang='grc' dir='ltr'>δεδιὼς</span> <span class='ocrx_word' id='word_1_539' title='bbox 1496 1565 1544 1595; x_wconf 90' lang='grc' dir='ltr'>και</span> 
     </span>
     <span class='ocr_line' id='line_1_95' title="bbox 877 1609 1544 1649; baseline 0.005 -12"><span class='ocrx_word' id='word_1_540' title='bbox 877 1619 1000 1648; x_wconf 79' lang='grc' dir='ltr'>τρεμων,</span> <span class='ocrx_word' id='word_1_541' title='bbox 1017 1621 1066 1639; x_wconf 86' lang='grc' dir='ltr'>και</span> <span class='ocrx_word' id='word_1_542' title='bbox 1087 1609 1131 1640; x_wconf 74' lang='grc' dir='ltr'>ἀει</span> <span class='ocrx_word' id='word_1_543' title='bbox 1154 1609 1361 1649; x_wconf 65' lang='grc' dir='ltr'>πληγησεσὸαι</span> <span class='ocrx_word' id='word_1_544' title='bbox 1377 1609 1544 1649; x_wconf 63' lang='grc' dir='ltr'>προσδοκῶν.</span> 
     </span>
     <span class='ocr_line' id='line_1_96' title="bbox 879 1653 1019 1686; baseline 0.015 -5"><span class='ocrx_word' id='word_1_545' title='bbox 879 1653 954 1686; x_wconf 86' lang='grc'>311,</span> <span class='ocrx_word' id='word_1_546' title='bbox 967 1655 1019 1683; x_wconf 81' lang='grc'>24.</span> 
     </span>
    </p>

    <p class='ocr_par' dir='ltr' id='par_1_19' title="bbox 836 1694 1545 1821">
     <span class='ocr_line' id='line_1_97' title="bbox 836 1694 1545 1736; baseline 0.001 -13"><span class='ocrx_word' id='word_1_547' title='bbox 836 1694 955 1736; x_wconf 80' lang='grc' dir='ltr'>λάκκος]</span> <span class='ocrx_word' id='word_1_548' title='bbox 968 1695 1084 1731; x_wconf 85' lang='lat' dir='ltr'>lacus,&#39;</span> <span class='ocrx_word' id='word_1_549' title='bbox 1076 1706 1106 1725; x_wconf 80' lang='lat' dir='ltr'>in</span> <span class='ocrx_word' id='word_1_550' title='bbox 1119 1705 1207 1734; x_wconf 87' lang='lat' dir='ltr'>quem</span> <span class='ocrx_word' id='word_1_551' title='bbox 1222 1699 1367 1730; x_wconf 83' lang='lat' dir='ltr'>mustum,</span> <span class='ocrx_word' id='word_1_552' title='bbox 1377 1705 1430 1725; x_wconf 84' lang='lat' dir='ltr'>seu</span> <span class='ocrx_word' id='word_1_553' title='bbox 1442 1694 1545 1724; x_wconf 86' lang='lat' dir='ltr'>vinum</span> 
     </span>
     <span class='ocr_line' id='line_1_98' title="bbox 879 1738 1545 1775; baseline 0.002 -9"><span class='ocrx_word' id='word_1_554' title='bbox 879 1748 985 1768; x_wconf 86' lang='lat' dir='ltr'>recens</span> <span class='ocrx_word' id='word_1_555' title='bbox 999 1738 1226 1775; x_wconf 80' lang='lat' dir='ltr'>infundebatur,</span> <span class='ocrx_word' id='word_1_556' title='bbox 1243 1743 1295 1767; x_wconf 82' lang='lat' dir='ltr'>aut</span> <span class='ocrx_word' id='word_1_557' title='bbox 1316 1738 1511 1768; x_wconf 85' lang='lat' dir='ltr'>derivabatur</span> <span class='ocrx_word' id='word_1_558' title='bbox 1527 1748 1545 1767; x_wconf 85' lang='lat' dir='ltr'>e</span> 
     </span>
     <span class='ocr_line' id='line_1_99' title="bbox 880 1779 1544 1821; baseline 0.002 -12"><span class='ocrx_word' id='word_1_559' title='bbox 880 1781 1036 1811; x_wconf 87' lang='lat' dir='ltr'>torculari.</span> <span class='ocrx_word' id='word_1_560' title='bbox 1057 1781 1104 1811; x_wconf 73' lang='grc' dir='ltr'>τὸν</span> <span class='ocrx_word' id='word_1_561' title='bbox 1113 1781 1217 1811; x_wconf 84' lang='grc' dir='ltr'>λάκκον</span> <span class='ocrx_word' id='word_1_562' title='bbox 1229 1779 1396 1821; x_wconf 68' lang='grc' dir='ltr'>συντρίψας.</span> <span class='ocrx_word' id='word_1_563' title='bbox 1405 1782 1480 1817; x_wconf 82' lang='grc'>845,</span> <span class='ocrx_word' id='word_1_564' title='bbox 1492 1783 1544 1810; x_wconf 90' lang='grc'>17.</span> 
     </span>
    </p>

    <p class='ocr_par' dir='ltr' id='par_1_20' title="bbox 840 1821 1373 1863">
     <span class='ocr_line' id='line_1_100' title="bbox 840 1821 1373 1863; baseline 0.002 -12"><span class='ocrx_word' id='word_1_565' title='bbox 840 1821 1010 1863; x_wconf 75' lang='grc' dir='ltr'>Λακωνίζειν,</span> <span class='ocrx_word' id='word_1_566' title='bbox 1025 1826 1122 1859; x_wconf 83' lang='grc'>1267,</span> <span class='ocrx_word' id='word_1_567' title='bbox 1141 1827 1194 1855; x_wconf 86' lang='grc'>22.</span> <span class='ocrx_word' id='word_1_568' title='bbox 1211 1826 1305 1859; x_wconf 88' lang='grc'>1357,</span> <span class='ocrx_word' id='word_1_569' title='bbox 1321 1828 1373 1853; x_wconf 90' lang='grc'>11.</span> 
     </span>
    </p>

    <p class='ocr_par' dir='ltr' id='par_1_21' title="bbox 839 1865 1546 1949">
     <span class='ocr_line' id='line_1_101' title="bbox 839 1865 1546 1906; baseline 0.003 -12"><span class='ocrx_word' id='word_1_570' title='bbox 839 1866 950 1906; x_wconf 82' lang='grc' dir='ltr'>λαλεῖν]</span> <span class='ocrx_word' id='word_1_571' title='bbox 981 1870 1037 1897; x_wconf 78' lang='grc' dir='ltr'>τῶν</span> <span class='ocrx_word' id='word_1_572' title='bbox 1065 1867 1138 1897; x_wconf 82' lang='grc' dir='ltr'>πάνυ</span> <span class='ocrx_word' id='word_1_573' title='bbox 1162 1866 1253 1906; x_wconf 68' lang='grc' dir='ltr'>τούτῳ</span> <span class='ocrx_word' id='word_1_574' title='bbox 1274 1866 1432 1897; x_wconf 80' lang='grc' dir='ltr'>λαλούντων</span> <span class='ocrx_word' id='word_1_575' title='bbox 1456 1865 1546 1902; x_wconf 75' lang='grc' dir='ltr'>ἧδὲως.</span> 
     </span>
     <span class='ocr_line' id='line_1_102' title="bbox 882 1909 1426 1949; baseline -0.002 -10"><span class='ocrx_word' id='word_1_576' title='bbox 882 1911 958 1944; x_wconf 84' lang='grc'>578,</span> <span class='ocrx_word' id='word_1_577' title='bbox 976 1912 1026 1940; x_wconf 90' lang='grc'>16.</span> <span class='ocrx_word' id='word_1_578' title='bbox 1041 1909 1123 1949; x_wconf 73' lang='grc' dir='ltr'>μέγα</span> <span class='ocrx_word' id='word_1_579' title='bbox 1136 1911 1244 1940; x_wconf 76' lang='grc' dir='ltr'>λαλεῖν.</span> <span class='ocrx_word' id='word_1_580' title='bbox 1260 1912 1356 1945; x_wconf 84' lang='grc'>1124,</span> <span class='ocrx_word' id='word_1_581' title='bbox 1373 1911 1426 1940; x_wconf 87' lang='grc'>26.</span> 
     </span>
    </p>

    <p class='ocr_par' dir='ltr' id='par_1_22' title="bbox 840 1950 1563 3022">
     <span class='ocr_line' id='line_1_103' title="bbox 840 1950 1549 1994; baseline 0.001 -14"><span class='ocrx_word' id='word_1_582' title='bbox 840 1950 1009 1994; x_wconf 65' lang='grc' dir='ltr'>λαμζάνειν]</span> <span class='ocrx_word' id='word_1_583' title='bbox 1027 1954 1154 1983; x_wconf 85' lang='lat' dir='ltr'>verbum</span> <span class='ocrx_word' id='word_1_584' title='bbox 1164 1953 1340 1983; x_wconf 72' lang='lat' dir='ltr'>creberrimi</span> <span class='ocrx_word' id='word_1_585' title='bbox 1355 1956 1385 1983; x_wconf 84' lang='lat' dir='ltr'>et</span> <span class='ocrx_word' id='word_1_586' title='bbox 1399 1951 1549 1991; x_wconf 88' lang='lat' dir='ltr'>multipli-</span> 
     </span>
     <span class='ocr_line' id='line_1_104' title="bbox 883 1995 1550 2035; baseline 0 -11"><span class='ocrx_word' id='word_1_587' title='bbox 883 1995 930 2025; x_wconf 86' lang='lat' dir='ltr'>cis</span> <span class='ocrx_word' id='word_1_588' title='bbox 942 1997 1122 2034; x_wconf 80' lang='lat' dir='ltr'>usus‚oujns</span> <span class='ocrx_word' id='word_1_589' title='bbox 1135 1996 1383 2035; x_wconf 79' lang='lat' dir='ltr'>significationes,</span> <span class='ocrx_word' id='word_1_590' title='bbox 1397 2005 1464 2033; x_wconf 84' lang='lat' dir='ltr'>quae</span> <span class='ocrx_word' id='word_1_591' title='bbox 1478 1999 1550 2024; x_wconf 80' lang='lat' dir='ltr'>sunt</span> 
     </span>
     <span class='ocr_line' id='line_1_105' title="bbox 883 2039 1549 2078; baseline 0 -11"><span class='ocrx_word' id='word_1_592' title='bbox 883 2049 1008 2068; x_wconf 86' lang='lat' dir='ltr'>numero</span> <span class='ocrx_word' id='word_1_593' title='bbox 1024 2039 1176 2078; x_wconf 66' lang='lat' dir='ltr'>plurimae,</span> <span class='ocrx_word' id='word_1_594' title='bbox 1189 2044 1281 2078; x_wconf 86' lang='lat' dir='ltr'>prout</span> <span class='ocrx_word' id='word_1_595' title='bbox 1295 2040 1420 2068; x_wconf 79' lang='lat' dir='ltr'>fortuito</span> <span class='ocrx_word' id='word_1_596' title='bbox 1441 2048 1549 2067; x_wconf 83' lang='lat' dir='ltr'>occur·</span> 
     </span>
     <span class='ocr_line' id='line_1_106' title="bbox 883 2081 1548 2120; baseline -0.002 -10"><span class='ocrx_word' id='word_1_597' title='bbox 883 2086 962 2117; x_wconf 76' lang='lat' dir='ltr'>rent,</span> <span class='ocrx_word' id='word_1_598' title='bbox 978 2081 1022 2111; x_wconf 77' lang='lat' dir='ltr'>ita</span> <span class='ocrx_word' id='word_1_599' title='bbox 1037 2082 1112 2112; x_wconf 85' lang='lat' dir='ltr'>alias</span> <span class='ocrx_word' id='word_1_600' title='bbox 1127 2093 1166 2112; x_wconf 87' lang='lat' dir='ltr'>ex</span> <span class='ocrx_word' id='word_1_601' title='bbox 1177 2082 1246 2112; x_wconf 76' lang='lat' dir='ltr'>aliis</span> <span class='ocrx_word' id='word_1_602' title='bbox 1259 2092 1417 2120; x_wconf 79' lang='lat' dir='ltr'>ponemus.</span> <span class='ocrx_word' id='word_1_603' title='bbox 1434 2091 1499 2110; x_wconf 82' lang='lat' dir='ltr'>nam</span> <span class='ocrx_word' id='word_1_604' title='bbox 1516 2081 1548 2110; x_wconf 90' lang='lat' dir='ltr'>in</span> 
     </span>
     <span class='ocr_line' id='line_1_107' title="bbox 884 2124 1550 2163; baseline -0.002 -10"><span class='ocrx_word' id='word_1_605' title='bbox 884 2124 1058 2163; x_wconf 85' lang='lat' dir='ltr'>hujusmodi</span> <span class='ocrx_word' id='word_1_606' title='bbox 1070 2126 1172 2155; x_wconf 77' lang='lat' dir='ltr'>verbis</span> <span class='ocrx_word' id='word_1_607' title='bbox 1188 2124 1242 2155; x_wconf 77' lang='lat' dir='ltr'>vix</span> <span class='ocrx_word' id='word_1_608' title='bbox 1255 2126 1355 2154; x_wconf 86' lang='lat' dir='ltr'>locum</span> <span class='ocrx_word' id='word_1_609' title='bbox 1367 2125 1456 2154; x_wconf 75' lang='lat' dir='ltr'>habet</span> <span class='ocrx_word' id='word_1_610' title='bbox 1468 2124 1550 2153; x_wconf 92' lang='lat' dir='ltr'>ordi-</span> 
     </span>
     <span class='ocr_line' id='line_1_108' title="bbox 883 2167 1551 2207; baseline -0.001 -11"><span class='ocrx_word' id='word_1_611' title='bbox 883 2167 931 2196; x_wconf 62' lang='lat' dir='ltr'>niaea¹</span> <span class='ocrx_word' id='word_1_612' title='bbox 941 2167 1109 2207; x_wconf 83' lang='lat' dir='ltr'>diligentia.</span> <span class='ocrx_word' id='word_1_613' title='bbox 1123 2168 1280 2207; x_wconf 74' lang='lat' dir='ltr'>amplecti,</span> <span class='ocrx_word' id='word_1_614' title='bbox 1291 2178 1378 2196; x_wconf 84' lang='lat' dir='ltr'>suum</span> <span class='ocrx_word' id='word_1_615' title='bbox 1389 2168 1500 2203; x_wconf 78' lang='lat' dir='ltr'>facere,</span> <span class='ocrx_word' id='word_1_616' title='bbox 1512 2167 1551 2196; x_wconf 76' lang='lat' dir='ltr'>ad</span> 
     </span>
     <span class='ocr_line' id='line_1_109' title="bbox 886 2209 1551 2241; baseline 0 -3"><span class='ocrx_word' id='word_1_617' title='bbox 886 2220 958 2239; x_wconf 84' lang='lat' dir='ltr'>usus</span> <span class='ocrx_word' id='word_1_618' title='bbox 976 2221 1047 2240; x_wconf 87' lang='lat' dir='ltr'>suos</span> <span class='ocrx_word' id='word_1_619' title='bbox 1063 2215 1254 2241; x_wconf 81' lang='lat' dir='ltr'>convertere.</span> <span class='ocrx_word' id='word_1_620' title='bbox 1276 2210 1355 2240; x_wconf 74' lang='grc' dir='ltr'>τοῦτ’</span> <span class='ocrx_word' id='word_1_621' title='bbox 1370 2210 1402 2239; x_wconf 79' lang='grc' dir='ltr'>ἒιν</span> <span class='ocrx_word' id='word_1_622' title='bbox 1416 2209 1551 2239; x_wconf 61' lang='grc' dir='ltr'>ἀκούσαν-</span> 
     </span>
     <span class='ocr_line' id='line_1_110' title="bbox 885 2253 1552 2293; baseline 0.001 -12"><span class='ocrx_word' id='word_1_623' title='bbox 885 2253 1069 2286; x_wconf 77' lang='grc' dir='ltr'>τεςλάβοιτε.</span> <span class='ocrx_word' id='word_1_624' title='bbox 1081 2256 1112 2290; x_wconf 89' lang='grc'>9,</span> <span class='ocrx_word' id='word_1_625' title='bbox 1125 2256 1157 2284; x_wconf 89' lang='grc'>7.</span> <span class='ocrx_word' id='word_1_626' title='bbox 1171 2253 1315 2293; x_wconf 79' lang='lat' dir='ltr'>adipisci,</span> <span class='ocrx_word' id='word_1_627' title='bbox 1328 2263 1451 2292; x_wconf 83' lang='lat' dir='ltr'>quoquo</span> <span class='ocrx_word' id='word_1_628' title='bbox 1461 2254 1552 2282; x_wconf 84' lang='lat' dir='ltr'>modo</span> 
     </span>
     <span class='ocr_line' id='line_1_111' title="bbox 885 2294 1552 2337; baseline 0.003 -13"><span class='ocrx_word' id='word_1_629' title='bbox 885 2297 1055 2335; x_wconf 82' lang='lat' dir='ltr'>acquirere.</span> <span class='ocrx_word' id='word_1_630' title='bbox 1069 2307 1101 2326; x_wconf 87' lang='grc' dir='ltr'>αν</span> <span class='ocrx_word' id='word_1_631' title='bbox 1115 2296 1169 2326; x_wconf 69' lang='grc' dir='ltr'>ὅσα</span> <span class='ocrx_word' id='word_1_632' title='bbox 1185 2307 1231 2331; x_wconf 87' lang='grc' dir='ltr'>τις</span> <span class='ocrx_word' id='word_1_633' title='bbox 1245 2294 1329 2337; x_wconf 65' lang='grc' dir='ltr'>λάζη,</span> <span class='ocrx_word' id='word_1_634' title='bbox 1342 2308 1388 2325; x_wconf 80' lang='grc' dir='ltr'>και</span> <span class='ocrx_word' id='word_1_635' title='bbox 1399 2296 1488 2336; x_wconf 79' lang='grc' dir='ltr'>σώσῃ.</span> <span class='ocrx_word' id='word_1_636' title='bbox 1498 2298 1552 2330; x_wconf 82' lang='grc'>12,</span> 
     </span>
     <span class='ocr_line' id='line_1_112' title="bbox 887 2337 1554 2379; baseline -0.001 -12"><span class='ocrx_word' id='word_1_637' title='bbox 887 2341 938 2368; x_wconf 87' lang='grc'>10.</span> <span class='ocrx_word' id='word_1_638' title='bbox 963 2337 1044 2368; x_wconf 68' lang='grc' dir='ltr'>λάέοι</span> <span class='ocrx_word' id='word_1_639' title='bbox 1065 2350 1153 2379; x_wconf 70' lang='grc' dir='ltr'>καιξον</span> <span class='ocrx_word' id='word_1_640' title='bbox 1173 2340 1252 2369; x_wconf 84' lang='grc' dir='ltr'>κατά</span> <span class='ocrx_word' id='word_1_641' title='bbox 1271 2350 1352 2372; x_wconf 86' lang='grc' dir='ltr'>τινος.</span> <span class='ocrx_word' id='word_1_642' title='bbox 1370 2340 1423 2374; x_wconf 84' lang='grc'>16,</span> <span class='ocrx_word' id='word_1_643' title='bbox 1441 2340 1470 2367; x_wconf 92' lang='grc'>9.</span> <span class='ocrx_word' id='word_1_644' title='bbox 1499 2340 1554 2371; x_wconf 76' lang='grc' dir='ltr'>τὰς</span> 
     </span>
     <span class='ocr_line' id='line_1_113' title="bbox 886 2379 1551 2422; baseline 0 -13"><span class='ocrx_word' id='word_1_645' title='bbox 886 2379 964 2415; x_wconf 84' lang='grc' dir='ltr'>δίκας</span> <span class='ocrx_word' id='word_1_646' title='bbox 978 2381 1147 2421; x_wconf 76' lang='grc' dir='ltr'>λαμβάνειν.</span> <span class='ocrx_word' id='word_1_647' title='bbox 1158 2383 1210 2421; x_wconf 85' lang='lat' dir='ltr'>jus</span> <span class='ocrx_word' id='word_1_648' title='bbox 1225 2382 1378 2422; x_wconf 85' lang='lat' dir='ltr'>accipere,</span> <span class='ocrx_word' id='word_1_649' title='bbox 1392 2381 1422 2410; x_wconf 86' lang='lat' dir='ltr'>b.</span> <span class='ocrx_word' id='word_1_650' title='bbox 1439 2390 1466 2410; x_wconf 83' lang='lat' dir='ltr'>e.</span> <span class='ocrx_word' id='word_1_651' title='bbox 1483 2391 1551 2410; x_wconf 87' lang='lat' dir='ltr'>sen-</span> 
     </span>
     <span class='ocr_line' id='line_1_114' title="bbox 887 2424 1554 2462; baseline -0.001 -9"><span class='ocrx_word' id='word_1_652' title='bbox 887 2425 992 2454; x_wconf 74' lang='lat' dir='ltr'>tentiae</span> <span class='ocrx_word' id='word_1_653' title='bbox 1008 2426 1044 2454; x_wconf 87' lang='lat' dir='ltr'>ab</span> <span class='ocrx_word' id='word_1_654' title='bbox 1061 2425 1183 2454; x_wconf 80' lang='lat' dir='ltr'>arbitris</span> <span class='ocrx_word' id='word_1_655' title='bbox 1198 2426 1279 2461; x_wconf 82' lang='lat' dir='ltr'>latae,</span> <span class='ocrx_word' id='word_1_656' title='bbox 1294 2424 1342 2454; x_wconf 79' lang='lat' dir='ltr'>vel</span> <span class='ocrx_word' id='word_1_657' title='bbox 1357 2424 1459 2462; x_wconf 86' lang='lat' dir='ltr'>legum</span> <span class='ocrx_word' id='word_1_658' title='bbox 1475 2433 1554 2461; x_wconf 83' lang='lat' dir='ltr'>prae-</span> 
     </span>
     <span class='ocr_line' id='line_1_115' title="bbox 888 2466 1554 2507; baseline -0.002 -12"><span class='ocrx_word' id='word_1_659' title='bbox 888 2472 977 2506; x_wconf 87' lang='lat' dir='ltr'>cepto</span> <span class='ocrx_word' id='word_1_660' title='bbox 991 2478 1109 2507; x_wconf 88' lang='lat' dir='ltr'>parere.</span> <span class='ocrx_word' id='word_1_661' title='bbox 1125 2469 1178 2504; x_wconf 83' lang='lat'>79,</span> <span class='ocrx_word' id='word_1_662' title='bbox 1195 2468 1250 2498; x_wconf 84' lang='lat' dir='ltr'>ult.</span> <span class='ocrx_word' id='word_1_663' title='bbox 1275 2468 1405 2501; x_wconf 80' lang='lat' dir='ltr'>vincere,</span> <span class='ocrx_word' id='word_1_664' title='bbox 1417 2466 1554 2502; x_wconf 83' lang='lat' dir='ltr'>domare,</span> 
     </span>
     <span class='ocr_line' id='line_1_116' title="bbox 889 2507 1554 2549; baseline -0.002 -11"><span class='ocrx_word' id='word_1_665' title='bbox 889 2511 1063 2549; x_wconf 88' lang='lat' dir='ltr'>subjugare,</span> <span class='ocrx_word' id='word_1_666' title='bbox 1077 2510 1296 2549; x_wconf 84' lang='lat' dir='ltr'>constringere</span> <span class='ocrx_word' id='word_1_667' title='bbox 1320 2510 1331 2539; x_wconf 81' lang='grc' dir='ltr'>ὁ</span> <span class='ocrx_word' id='word_1_668' title='bbox 1347 2521 1400 2549; x_wconf 75' lang='grc' dir='ltr'>γαρ</span> <span class='ocrx_word' id='word_1_669' title='bbox 1409 2520 1444 2542; x_wconf 84' lang='grc' dir='ltr'>οις</span> <span class='ocrx_word' id='word_1_670' title='bbox 1458 2520 1509 2538; x_wconf 85' lang='grc' dir='ltr'>ανε</span> <span class='ocrx_word' id='word_1_671' title='bbox 1500 2507 1554 2547; x_wconf 75' lang='grc' dir='ltr'>’γὼ</span> 
     </span>
     <span class='ocr_line' id='line_1_117' title="bbox 888 2553 1555 2594; baseline -0.004 -12"><span class='ocrx_word' id='word_1_672' title='bbox 888 2553 1034 2591; x_wconf 63' lang='grc' dir='ltr'>ληφθείην,</span> <span class='ocrx_word' id='word_1_673' title='bbox 1050 2565 1147 2583; x_wconf 79' lang='grc' dir='ltr'>ταυτα</span> <span class='ocrx_word' id='word_1_674' title='bbox 1162 2555 1297 2594; x_wconf 65' lang='grc' dir='ltr'>πράττων</span> <span class='ocrx_word' id='word_1_675' title='bbox 1310 2564 1358 2582; x_wconf 82' lang='grc' dir='ltr'>και</span> <span class='ocrx_word' id='word_1_676' title='bbox 1373 2561 1555 2581; x_wconf 82' lang='grc' dir='ltr'>κατασκευα-</span> 
     </span>
     <span class='ocr_line' id='line_1_118' title="bbox 889 2594 1554 2635; baseline -0.003 -10"><span class='ocrx_word' id='word_1_677' title='bbox 889 2594 1011 2635; x_wconf 76' lang='grc' dir='ltr'>ζόμενος,</span> <span class='ocrx_word' id='word_1_678' title='bbox 1037 2608 1115 2630; x_wconf 72' lang='grc' dir='ltr'>ουτος</span> <span class='ocrx_word' id='word_1_679' title='bbox 1143 2597 1207 2635; x_wconf 70' lang='grc' dir='ltr'>ἐμοὶ</span> <span class='ocrx_word' id='word_1_680' title='bbox 1230 2596 1365 2635; x_wconf 72' lang='grc' dir='ltr'>πολεμεῖ,</span> <span class='ocrx_word' id='word_1_681' title='bbox 1391 2606 1441 2623; x_wconf 76' lang='grc' dir='ltr'>καν</span> <span class='ocrx_word' id='word_1_682' title='bbox 1462 2594 1554 2633; x_wconf 73' lang='grc' dir='ltr'>μήπω</span> 
     </span>
     <span class='ocr_line' id='line_1_119' title="bbox 889 2628 1556 2681; baseline 0.003 -15"><span class='ocrx_word' id='word_1_683' title='bbox 889 2638 997 2680; x_wconf 74' lang='grc' dir='ltr'>Βάλλη,</span> <span class='ocrx_word' id='word_1_684' title='bbox 1013 2639 1086 2679; x_wconf 81' lang='grc' dir='ltr'>μηδε</span> <span class='ocrx_word' id='word_1_685' title='bbox 1108 2639 1307 2681; x_wconf 71' lang='grc' dir='ltr'>τοξείη.11.5,</span> <span class='ocrx_word' id='word_1_686' title='bbox 1327 2641 1375 2667; x_wconf 84' lang='lat'>10.</span> <span class='ocrx_word' id='word_1_687' title='bbox 1398 2628 1556 2668; x_wconf 76' lang='lat' dir='ltr'>devincire</span> 
     </span>
     <span class='ocr_line' id='line_1_120' title="bbox 891 2681 1555 2711; baseline 0.002 -1"><span class='ocrx_word' id='word_1_688' title='bbox 891 2681 948 2710; x_wconf 86' lang='lat' dir='ltr'>sibi</span> <span class='ocrx_word' id='word_1_689' title='bbox 966 2687 1082 2711; x_wconf 81' lang='lat' dir='ltr'>mentes</span> <span class='ocrx_word' id='word_1_690' title='bbox 1098 2683 1250 2711; x_wconf 83' lang='lat' dir='ltr'>hominum</span> <span class='ocrx_word' id='word_1_691' title='bbox 1273 2681 1393 2710; x_wconf 74' lang='lat' dir='ltr'>deditas</span> <span class='ocrx_word' id='word_1_692' title='bbox 1414 2686 1442 2710; x_wconf 87' lang='lat' dir='ltr'>et</span> <span class='ocrx_word' id='word_1_693' title='bbox 1460 2681 1555 2711; x_wconf 85' lang='lat' dir='ltr'>veluti</span> 
     </span>
     <span class='ocr_line' id='line_1_121' title="bbox 890 2724 1557 2763; baseline -0.001 -10"><span class='ocrx_word' id='word_1_694' title='bbox 890 2731 1007 2763; x_wconf 80' lang='lat' dir='ltr'>captas,</span> <span class='ocrx_word' id='word_1_695' title='bbox 1023 2731 1074 2754; x_wconf 74' lang='lat' dir='ltr'>aut</span> <span class='ocrx_word' id='word_1_696' title='bbox 1098 2725 1213 2754; x_wconf 82' lang='lat' dir='ltr'>fascino</span> <span class='ocrx_word' id='word_1_697' title='bbox 1230 2724 1361 2763; x_wconf 82' lang='lat' dir='ltr'>quodam</span> <span class='ocrx_word' id='word_1_698' title='bbox 1381 2724 1557 2755; x_wconf 75' lang='lat' dir='ltr'>obstrictas.</span> 
     </span>
     <span class='ocr_line' id='line_1_122' title="bbox 892 2764 1558 2807; baseline 0.002 -11"><span class='ocrx_word' id='word_1_699' title='bbox 892 2765 924 2795; x_wconf 77' lang='grc' dir='ltr'>ἐκ</span> <span class='ocrx_word' id='word_1_700' title='bbox 938 2768 1044 2796; x_wconf 79' lang='grc' dir='ltr'>τούτων</span> <span class='ocrx_word' id='word_1_701' title='bbox 1056 2766 1146 2807; x_wconf 70' lang='grc' dir='ltr'>ᾤχετ’</span> <span class='ocrx_word' id='word_1_702' title='bbox 1157 2765 1267 2801; x_wconf 76' lang='grc' dir='ltr'>ἐκείνους</span> <span class='ocrx_word' id='word_1_703' title='bbox 1276 2764 1369 2796; x_wconf 58' lang='lat' dir='ltr'>meiat</span> <span class='ocrx_word' id='word_1_704' title='bbox 1383 2766 1420 2800; x_wconf 81' lang='grc' dir='ltr'>εἷς</span> <span class='ocrx_word' id='word_1_705' title='bbox 1431 2764 1464 2796; x_wconf 71' lang='grc' dir='ltr'>τὸ</span> <span class='ocrx_word' id='word_1_706' title='bbox 1471 2768 1558 2806; x_wconf 71' lang='grc' dir='ltr'>μηδο-</span> 
     </span>
     <span class='ocr_line' id='line_1_123' title="bbox 893 2810 1559 2849; baseline 0.006 -11"><span class='ocrx_word' id='word_1_707' title='bbox 893 2811 965 2839; x_wconf 76' lang='grc' dir='ltr'>τιοῖν</span> <span class='ocrx_word' id='word_1_708' title='bbox 988 2813 1042 2838; x_wconf 68' lang='grc' dir='ltr'>τοῖν</span> <span class='ocrx_word' id='word_1_709' title='bbox 1056 2813 1137 2848; x_wconf 69' lang='grc' dir='ltr'>μετὰ</span> <span class='ocrx_word' id='word_1_710' title='bbox 1158 2811 1255 2838; x_wconf 60' lang='lat' dir='ltr'>›taz-ra</span> <span class='ocrx_word' id='word_1_711' title='bbox 1278 2810 1399 2849; x_wconf 70' lang='grc' dir='ltr'>πξοορᾷἷν.</span> <span class='ocrx_word' id='word_1_712' title='bbox 1416 2812 1490 2844; x_wconf 76' lang='grc'>239,</span> <span class='ocrx_word' id='word_1_713' title='bbox 1508 2815 1559 2842; x_wconf 86' lang='grc'>17.</span> 
     </span>
     <span class='ocr_line' id='line_1_124' title="bbox 894 2850 1561 2892; baseline 0.004 -12"><span class='ocrx_word' id='word_1_714' title='bbox 894 2851 926 2881; x_wconf 66' lang='grc' dir='ltr'>τὸ</span> <span class='ocrx_word' id='word_1_715' title='bbox 943 2850 1037 2881; x_wconf 63' lang='grc' dir='ltr'>λαέεῖν</span> <span class='ocrx_word' id='word_1_716' title='bbox 1051 2854 1090 2881; x_wconf 67' lang='grc' dir='ltr'>τὰ</span> <span class='ocrx_word' id='word_1_717' title='bbox 1106 2852 1233 2892; x_wconf 77' lang='grc' dir='ltr'>διδόμενα</span> <span class='ocrx_word' id='word_1_718' title='bbox 1247 2852 1388 2892; x_wconf 81' lang='grc' dir='ltr'>ὁμολογῶν</span> <span class='ocrx_word' id='word_1_719' title='bbox 1402 2852 1505 2892; x_wconf 80' lang='grc' dir='ltr'>ἔννομον</span> <span class='ocrx_word' id='word_1_720' title='bbox 1522 2855 1561 2885; x_wconf 71' lang='grc' dir='ltr'>εῖ-</span> 
     </span>
     <span class='ocr_line' id='line_1_125' title="bbox 895 2894 1561 2934; baseline 0.003 -10"><span class='ocrx_word' id='word_1_721' title='bbox 895 2906 947 2924; x_wconf 74' lang='grc' dir='ltr'>ναι.</span> <span class='ocrx_word' id='word_1_722' title='bbox 965 2898 1038 2929; x_wconf 76' lang='grc'>267,</span> <span class='ocrx_word' id='word_1_723' title='bbox 1054 2897 1083 2925; x_wconf 87' lang='grc'>5.</span> <span class='ocrx_word' id='word_1_724' title='bbox 1107 2896 1203 2929; x_wconf 65' lang='grc' dir='ltr'>λαβὼν</span> <span class='ocrx_word' id='word_1_725' title='bbox 1219 2894 1332 2934; x_wconf 73' lang='grc' dir='ltr'>αἶ’ςεσιν,</span> <span class='ocrx_word' id='word_1_726' title='bbox 1343 2895 1467 2934; x_wconf 79' lang='lat' dir='ltr'>optione</span> <span class='ocrx_word' id='word_1_727' title='bbox 1480 2896 1561 2932; x_wconf 70' lang='lat' dir='ltr'>(lata,</span> 
     </span>
     <span class='ocr_line' id='line_1_126' title="bbox 897 2937 1562 2977; baseline 0.008 -12"><span class='ocrx_word' id='word_1_728' title='bbox 897 2948 964 2966; x_wconf 88' lang='lat' dir='ltr'>cum</span> <span class='ocrx_word' id='word_1_729' title='bbox 981 2937 1078 2976; x_wconf 70' lang='lat' dir='ltr'>ipsius</span> <span class='ocrx_word' id='word_1_730' title='bbox 1098 2938 1224 2968; x_wconf 83' lang='lat' dir='ltr'>arbitrio</span> <span class='ocrx_word' id='word_1_731' title='bbox 1240 2939 1421 2977; x_wconf 80' lang='lat' dir='ltr'>permissum</span> <span class='ocrx_word' id='word_1_732' title='bbox 1442 2939 1562 2976; x_wconf 77' lang='lat' dir='ltr'>suisset,</span> 
     </span>
     <span class='ocr_line' id='line_1_127' title="bbox 899 2981 1563 3022; baseline 0.006 -13"><span class='ocrx_word' id='word_1_733' title='bbox 899 2985 1003 3018; x_wconf 82' lang='lat' dir='ltr'>optare</span> <span class='ocrx_word' id='word_1_734' title='bbox 1020 2986 1119 3011; x_wconf 83' lang='lat' dir='ltr'>utrum</span> <span class='ocrx_word' id='word_1_735' title='bbox 1137 2982 1241 3017; x_wconf 83' lang='lat' dir='ltr'>vellet,</span> <span class='ocrx_word' id='word_1_736' title='bbox 1257 2982 1377 3022; x_wconf 66' lang='grc' dir='ltr'>αἱς-εῖται</span> <span class='ocrx_word' id='word_1_737' title='bbox 1389 2981 1422 3011; x_wconf 79' lang='grc' dir='ltr'>τὸ</span> <span class='ocrx_word' id='word_1_738' title='bbox 1440 2983 1563 3013; x_wconf 63' lang='grc' dir='ltr'>ἀσωιδο·</span> 
     </span>
    </p>
   </div>
  </div>
 </body>
</html>
