1822 3187
186 129 271 170 330

231 234 341 264 fecerit
356 236 394 264 ab
406 235 518 265 Athen.
533 237 609 271 550,
626 237 678 266 25.
691 238 776 268 schol.
793 239 899 277 primae

234 278 381 307 Euboicae
402 278 622 317 expeditionis,
647 279 730 310 illius
750 282 899 312 adversus

231 321 404 357 Thebanos,
426 321 612 351 mentionem
635 322 720 353 facit.
743 326 819 360 570,
847 327 898 355 23.

233 364 286 394 ubi
303 365 391 394 brevi
410 364 522 394 finitam
539 365 582 394 ait
597 375 665 394 esse
682 376 738 404 per
758 367 899 397 inducias

233 407 365 437 Dioclis.
388 412 418 437 et
442 417 473 445 p.
494 410 569 438 597.
592 411 641 438 19.
666 409 717 438 ubi
742 410 899 448 negotium

233 450 292 479 hoc
307 454 404 480 totum
421 451 523 480 triduo
539 451 580 480 ait
594 452 767 481 absolutum
785 459 815 482 et
830 464 899 492 per-

233 498 333 522 actum
350 503 430 529 esse,
443 493 517 523 item
530 504 560 533 p.
578 495 673 529 1:346,
689 497 738 525 14.

525 622 564 652 F.

189 709 284 747 Φωςῶν
295 709 393 748 λιμὴν,
407 707 505 737 furum
522 712 642 746 portus,
656 708 836 739 Atheniensi
854 710 900 740 vi-

231 751 320 780 cinus
336 756 367 781 et
386 751 544 786 insidians,
564 751 716 790 valdeque
731 752 899 783 incommo-

230 793 320 829 dans,
334 793 388 823 ubi
405 793 535 823 laterent
552 799 582 823 et
597 795 719 833 piratae,
735 796 788 834 qui
805 807 899 826 naves

230 837 368 866 Athenas
391 837 550 866 tendentes
571 838 791 875 praedareutur‚
816 844 848 868 et
872 839 900 868 si

232 880 285 918 qui
301 880 470 918 emporium
488 880 624 909 Atticum
647 880 788 910 fraudare
805 882 900 911 vecti-

232 921 365 960 galibus,
390 922 450 960 ipsi
477 927 578 951 tamen
608 922 651 951 ibi
679 933 798 952 merces
825 934 898 953 suas

232 965 366 994 vendere
383 964 509 995 vellent.
527 966 602 1001 952,
619 968 670 996 15.
688 966 818 998 Palmer.
833 968 899 997 Ex-

232 1017 297 1037 ere.
313 1018 343 1047 p.
359 1008 434 1038 639.

524 1137 562 1166 G.

188 1219 360 1257 Get-aestus,
393 1222 636 1261 promontorium
669 1223 807 1253 Euboeae.
844 1226 900 1260 49,

231 1275 302 1304 pen.
318 1265 369 1295 ubi
382 1265 546 1305 Philippus
563 1276 657 1296 naves
674 1267 793 1296 Atticas
804 1268 899 1296 corri-

231 1307 347 1346 piebat.
376 1316 525 1346 vergente
556 1310 595 1338 ad
625 1310 726 1344 finem,
758 1315 810 1338 aut
835 1311 897 1348 jam

230 1351 322 1380 modo
335 1357 461 1389 peracto
479 1351 559 1381 bello
576 1352 722 1387 Phocico,
734 1352 898 1382 insidiaba-

230 1398 281 1423 tur
295 1394 458 1434 Philippus
474 1395 625 1426 Geraesto.
640 1398 715 1431 445,
734 1395 789 1425 ult.

524 1526 567 1556 H.

188 1610 360 1648 Haliartus,
372 1623 465 1652 opera
480 1613 591 1644 Athen.
615 1613 768 1643 Thebanis
778 1612 806 1642 in
817 1624 900 1653 proe-

230 1655 273 1684 lio
283 1655 364 1694 apud
380 1656 551 1686 Haliartum
564 1656 715 1685 adversus
727 1657 899 1687 Lacedaem.

229 1703 340 1727 navata
367 1699 509 1740 (Olyinp.
529 1699 713 1740 XCVI,1.)
744 1698 897 1730 laudatur.

227 1743 282 1775 44,
299 1752 375 1781 pen.
394 1743 469 1778 258,
488 1745 540 1772 10.

184 1783 384 1814 Halonnesos
400 1792 466 1815 erat
482 1785 726 1820 Atheniensium,
747 1785 801 1814 sed
815 1789 898 1815 tene-

229 1828 319 1856 batur
335 1838 351 1856 a
370 1828 490 1867 piratis,
508 1838 636 1868 quorum
656 1829 719 1857 dux
742 1833 809 1857 erat
831 1828 898 1866 qui-

229 1870 298 1899 dam
324 1872 492 1900 Sostratus.
517 1873 590 1906 162,
610 1873 661 1900 10.
682 1881 759 1909 quos
778 1871 898 1909 Philip-

227 1922 287 1952 pus
306 1914 378 1943 inde
398 1924 467 1943 cum
488 1914 666 1952 dejecisset,
681 1914 812 1942 insulam
838 1914 898 1943 sibi

227 1958 400 1994 arrogabat,
419 1963 449 1986 et
474 1957 710 1996 reposcentibus
732 1957 898 1986 Athenien-

229 1998 317 2029 sibus
345 2001 459 2035 aiebat,
487 2000 601 2028 αἰτοῦσι
631 1999 736 2034 δώσειν,
764 2001 896 2037 gratuito

227 2043 424 2078 donaturum,
449 2053 508 2072 non
533 2048 645 2077 autem,
665 2043 747 2081 quud
769 2042 896 2072 Atheni-

227 2095 316 2115 enses
340 2087 577 2120 contendebant,
592 2086 764 2115 ἀπαιτοῦσιν
786 2086 896 2115 ἀποδῶ-

228 2138 297 2163 σειν,
321 2130 567 2168 reposcentibus,
584 2135 616 2158 ut
638 2139 733 2162 suam,
759 2129 895 2167 dejure,

228 2171 431 2201 redditurum.
454 2174 528 2207 1622,
554 2174 604 2201 17.
629 2173 794 2201 orationem
820 2182 894 2210 ergo

227 2213 452 2245 deHalonneso
465 2216 514 2254 qni
526 2215 661 2254 scripsit,
675 2215 816 2255 quisquis
834 2220 894 2250 est,

226 2257 254 2286 is
271 2263 376 2287 auctor
393 2264 440 2287 est
456 2258 590 2293 civibus,
608 2262 641 2287 ut
659 2269 724 2287 eam
744 2258 894 2287 conditio-

226 2310 294 2330 nem
310 2302 473 2340 repudient
489 2312 505 2332 a
516 2312 546 2340 p.
561 2303 615 2332 76.
634 2301 671 2330 ad
683 2312 714 2341 p.
727 2303 779 2331 88.
807 2306 893 2340 post·

225 2344 351 2373 modum
369 2354 385 2373 a
402 2345 594 2383 Peparethiis
612 2350 703 2383 capta
724 2350 770 2373 est
786 2343 895 2381 insula,

225 2387 278 2425 qui
288 2397 385 2425 neque
401 2387 648 2427 insulam,neqne
660 2387 813 2426 praesidia,
824 2388 893 2417 Phi-

226 2429 313 2468 lippo
326 2430 504 2466 reddentes,
516 2433 555 2460 ab
571 2441 606 2460 eo
620 2431 724 2460 vexati
738 2434 815 2459 sunt.
842 2441 894 2460 ve—

224 2483 292 2502 rum
302 2473 508 2503 Athenienses
522 2484 576 2502 eos
590 2475 762 2503 tuebantur.
776 2475 850 2508 162,
862 2476 893 2504 5.

183 2516 296 2551 Halos,
333 2516 372 2545 al.
411 2516 502 2552 Alus,
532 2517 677 2555 oppidum
717 2517 893 2545 Thessaliae.

227 2562 301 2595 152,
315 2562 344 2590 4.
360 2557 467 2594 Ἀλεῖς,
484 2559 648 2588 Halenses.
663 2561 736 2593 352²,
748 2562 799 2588 17.
816 2561 892 2595 353,

226 2604 281 2632 13.
304 2602 493 2632 Scholiastes
509 2603 553 2632 ibi
564 2602 617 2638 ait,
634 2602 805 2631 l’harsalius
819 2602 891 2631 Phi-

226 2645 312 2685 lippo
329 2646 497 2681 studuisse,
521 2646 673 2675 Haleuses
696 2644 891 2675 Atheniensi-

223 2689 292 2718 bus.
337 2689 518 2729 Philippum
542 2699 617 2728 ergo
639 2688 704 2717 haeo
724 2689 811 2717 ambo
835 2698 890 2726 op-

222 2731 297 2770 pida
320 2732 433 2762 mutuis
459 2732 547 2762 bellis
567 2732 648 2761 inter
672 2741 740 2761 sese
765 2731 890 2761 commi-

224 2774 314 2804 sisse.
358 2775 471 2811 Halus,
503 2781 536 2805 ut
566 2786 584 2805 a
613 2774 759 2814 Philippo
789 2774 891 2804 diruta

222 2822 314 2856 atque
330 2819 467 2848 desolata
487 2818 556 2854 fuit,
574 2818 739 2849 Pharsaliis
756 2824 801 2848 est
820 2827 890 2856 per-

221 2860 326 2890 missa.
341 2863 416 2897 353,
435 2862 485 2892 15.
510 2862 690 2892 Parmenion
705 2860 817 2890 Halum
832 2870 889 2900 op-

221 2905 380 2944 pugnavit.
397 2906 472 2941 392,
489 2908 540 2936 20.
557 2915 616 2944 quo
634 2910 772 2943 tempore
792 2903 888 2934 Athe-

219 2949 340 2979 nienses
356 2958 425 2978 cum
439 2948 584 2989 Philippo
600 2948 639 2978 de
656 2957 733 2987 pace
750 2951 886 2987 agerent.

560 129 755 171 INDEX
787 131 1266 175 GEOGRAPHICUS

978 241 1053 273 443.
1066 240 1116 268 18.
1148 238 1316 278 Philippus
1334 240 1490 271 Halenses
1504 248 1536 272 et
1553 244 1644 274 Phar-

978 282 1070 310 salios
1094 291 1110 310 a
1130 291 1204 321 pace
1223 282 1369 312 exclusos
1387 284 1522 316 volebat.
1535 288 1645 325 etjam

979 324 1169 354 Philocrates
1184 335 1288 354 eorum
1305 326 1425 356 nomina
1439 335 1648 366 expunxerat.

978 377 1082 396 verum
1110 367 1146 396 P.
1168 368 1205 396 A.
1228 369 1358 407 cogebat
1381 379 1448 399 enm
1476 381 1512 400 ea
1538 381 1645 402 rursus

976 410 1157 439 inscribere.
1179 412 1255 446 391,
1274 415 1304 442 4.
1325 411 1522 443 nihilominus
1546 418 1646 444 tamen

975 454 1105 491 perfecit
1133 453 1311 493 Philippus,
1336 459 1369 484 ut
1396 455 1646 487 excluderentur.

976 498 1052 530 395,
1069 499 1120 527 25.

934 538 1122 576 Hedyteum,
1138 539 1282 577 oppidum
1302 540 1486 570 Boeoticum.
1503 543 1579 577 387,
1592 545 1644 572 11.

934 581 1094 616 Heraeum,
1114 580 1219 620 Ἠξαῖον
1235 584 1344 622 τεῖχος,
1360 589 1492 613 castrum
1509 584 1537 613 in
1553 585 1648 615 Thra-

978 623 1036 659 cia,
1055 624 1219 663 Philippus
1232 627 1326 664 cepit,
1342 627 1543 665 nequicquam
1556 628 1647 658 moli-

977 667 1099 697 entibus
1120 668 1232 697 Athen.
1255 669 1283 697 ei
1304 679 1496 700 succurrere.
1522 672 1575 706 29,
1593 674 1646 702 22.

978 710 1104 749 Olyinp.
1122 711 1209 747 cvt,
1226 715 1256 740 4.

934 752 1066 787 Hieron,
1083 753 1323 792 promontorium
1340 753 1368 783 in
1387 754 1477 785 Ponti
1493 755 1644 786 faucibus.

977 798 1052 831 468,
1068 800 1118 826 10.
1137 798 1211 831 9²26,
1225 799 1255 827 5.
1274 800 1369 830 1‘211,
1385 800 1438 827 25.

935 838 1055 868 Hieron
1081 849 1163 873 oros,
1181 850 1233 868 seu
1259 850 1345 868 mous
1368 850 1466 875 sacer,
1485 841 1548 878 jam
1573 852 1647 871 con-

977 882 1059 910 dicta
1080 888 1109 910 et
1127 883 1326 919 jurejurando
1351 883 1469 912 sancita
1489 894 1576 922 pace,
1593 895 1644 914 ca-

976 930 1061 962 ptum
1084 935 1100 953 a
1132 924 1287 963 Philippo.
1317 927 1369 959 85,
1393 926 1449 954 ult.
1481 932 1643 966 autequam

976 966 1144 1005 Diopithes
1167 967 1316 996 coloniam
1340 968 1369 996 in
1401 968 1645 1000 Clierrhoiiesnm

979 1010 1119 1039 duceret.
1147 1013 1220 1043 114,
1250 1014 1300 1040 18.
1329 1012 1404 1046 390,
1431 1012 1461 1040 3.
1493 1022 1551 1041 una
1577 1023 1646 1042 cum

979 1053 1131 1082 thesauris
1159 1053 1245 1093 [fort.
1276 1050 1477 1095 Miltokydis]
1505 1065 1522 1083 a
1548 1055 1647 1094 Cotye

978 1102 1173 1135 occupatum,
1206 1098 1280 1129 655,
1312 1098 1342 1126 6.
1379 1096 1535 1134 geminum
1567 1099 1646 1128 Oros

978 1138 1084 1168 hieron
1113 1139 1220 1169 statuit
1251 1139 1394 1168 Valesius
1425 1139 1463 1168 ad
1497 1141 1647 1181 Harpocr.

979 1183 1033 1211 76.
1065 1181 1192 1211 alterum
1222 1181 1252 1211 in
1277 1181 1419 1217 Thracia,
1450 1183 1578 1213 alterum
1607 1185 1646 1214 ad

980 1225 1111 1254 Pontum
1126 1224 1292 1254 Euxinum.

935 1267 1165 1306 Hippodamea,
1181 1267 1350 1297 noment'ori
1366 1266 1395 1296 in
1410 1267 1540 1305 Piraeeo,
1553 1269 1644 1299 semi-

977 1316 1009 1339 ta
1034 1310 1077 1339 ihi
1103 1310 1246 1350 primaria
1263 1315 1294 1339 et
1311 1311 1570 1349 splendidissima,
1594 1312 1642 1343 sic

977 1353 1062 1382 dicta
1081 1355 1118 1382 ab
1148 1353 1360 1391 Hippodamo,
1386 1354 1567 1391 architecto,
1591 1355 1644 1394 qui

978 1396 1127 1425 Piraeeum
1143 1396 1318 1425 aedificavit.
1338 1398 1434 1434 1190,
1452 1401 1503 1430 27.
1524 1409 1555 1428 v.
1573 1398 1646 1428 Pal·

977 1448 1052 1468 mer.
1070 1440 1185 1469 Exere.
1200 1449 1231 1478 p.
1249 1440 1323 1470 646.

1273 1570 1300 1600 1.

934 1655 1027 1685 Ilium
1042 1660 1211 1694 occupatur
1226 1665 1242 1684 a
1259 1655 1454 1685 Charidemo.
1467 1657 1543 1690 671,
1558 1658 1588 1687 9.

935 1699 1071 1734 Imbrus,
1088 1698 1196 1733 insula,
1214 1708 1310 1737 prope
1325 1698 1496 1728 Thraciam.
1519 1700 1572 1735 49,
1590 1701 1642 1730 26.

976 1741 1137 1780 expeditio
1153 1742 1264 1771 Athen.
1282 1752 1347 1771 cum
1366 1741 1412 1771 bis
1428 1742 1511 1771 mille
1531 1742 1643 1780 pediti-

978 1785 1034 1813 bus
1043 1785 1145 1823 gravis
1158 1792 1329 1819 armaturae,
1339 1785 1375 1815 ad
1390 1784 1515 1815 colonos
1522 1785 1642 1815 Atticos

976 1827 1021 1856 ibi
1037 1828 1193 1857 tuendum.
1212 1829 1286 1863 265,
1299 1830 1329 1858 9.
1347 1829 1444 1865 1346,
1463 1831 1516 1858 12.

1265 1957 1304 1986 L.

932 2042 1133 2081 Lampsacum
1154 2047 1284 2081 occupat
1301 2041 1425 2071 Chares.
1447 2043 1499 2077 26,
1517 2044 1568 2072 14.
1589 2042 1640 2072 vel

973 2085 1088 2124 accipit
1111 2085 1140 2114 in
1166 2086 1336 2115 mercedem
1361 2095 1463 2124 operae
1489 2086 1641 2115 Artabazo

973 2129 1129 2166 praestitae.
1154 2139 1182 2158 v.
1207 2129 1323 2158 Schott.
1348 2139 1379 2167 p.
1405 2130 1457 2158 54.
1473 2128 1641 2164 Philiscus,

971 2171 1014 2200 ibi
1033 2179 1058 2210 ι)
1067 2171 1222 2201 rannidem
1242 2181 1401 2206 exercens,
1417 2181 1433 2200 a
1448 2171 1640 2210 Thersagora

972 2219 1062 2252 atque
1088 2214 1258 2248 Exekesto,
1281 2214 1514 2253 Lampsakenis,
1533 2214 1641 2244 interi-

971 2257 1075 2286 mitur.
1092 2259 1167 2292 666,
1186 2259 1236 2287 ²27.
1258 2261 1351 2293 1212,
1368 2259 1399 2287 8.

929 2299 1062 2329 Larissa.
1078 2302 1153 2336 392,
1170 2304 1220 2331 22.

928 2343 1073 2372 Lemnus.
1098 2353 1135 2372 eo
1158 2348 1302 2382 suscepta
1323 2341 1492 2384 expeditio.
1515 2344 1570 2377 47,
1588 2343 1639 2372 19.

971 2387 1067 2420 1346,
1084 2388 1135 2415 12.

930 2429 1030 2459 Lesbo
1046 2429 1137 2467 ejecti
1154 2428 1285 2468 tyranni,
1296 2428 1347 2467 qni
1365 2431 1434 2457 ante
1450 2436 1556 2466 pacem
1570 2436 1637 2456 cum

971 2472 1147 2501 Alexandro
1166 2472 1210 2501 M.
1230 2471 1365 2501 fuissent.
1384 2472 1458 2504 ⁶213,
1477 2471 1528 2500 19.

927 2514 1057 2543 Leucas.
1075 2514 1214 2544 Leucada
1227 2513 1393 2543 Corinthiis
1406 2513 1524 2551 eripere
1540 2515 1639 2541 tenta·

969 2558 1021 2586 bat
1037 2558 1209 2596 Philippus.
1226 2560 1300 2592 1‘20,
1320 2561 1348 2585 1.
1366 2558 1460 2589 1:304,
1478 2558 1508 2585 8.
1542 2573 1549 2579 ·

925 2601 1119 2635 Leocorium,
1148 2601 1245 2629 fanum
1282 2600 1421 2628 Athenis.
1457 2599 1552 2632 1258,
1584 2598 1636 2628 25.

968 2644 1090 2673 Suidas.
1107 2642 1222 2672 AEliani
1241 2643 1276 2671 V.
1291 2644 1331 2672 H.
1350 2643 1431 2672 ΧΠ.
1450 2643 1502 2672 28.
1524 2640 1637 2670 Cicero

968 2687 1006 2716 de
1022 2688 1095 2716 Nat.
1111 2687 1206 2715 Deor.
1219 2688 1248 2717 3.
1267 2688 1318 2716 19.

925 2729 1028 2759 Leuca
1044 2735 1122 2763 acta,
1135 2739 1189 2757 seu
1203 2729 1276 2758 litus
1292 2727 1467 2759 candidum.
1485 2727 1544 2762 86,
1560 2728 1612 2758 16.

925 2772 1067 2802 Leuctra.
1107 2772 1271 2802 Leuctrica
1306 2770 1435 2801 victoria
1472 2768 1639 2798 insolenter

969 2816 1055 2845 abusi
1075 2821 1143 2845 sunt
1160 2814 1308 2844 Thebani.
1326 2815 1402 2848 231,
1417 2815 1448 2842 4.
1473 2813 1548 2848 258,
1567 2820 1638 2850 pen.

968 2858 1099 2900 contigit
1127 2858 1272 2888 archonte
1302 2855 1509 2887 Phrasiclide.
1540 2855 1637 2888 135⁷,

925 2944 1054 2982 Limnae,
1064 2944 1151 2975 loeus
1165 2949 1251 2974 extra
1261 2943 1411 2976 Athenas,
1424 2938 1476 2971 ubi
1487 2937 1636 2977 templum
