1822 3187
561 134 1148 178 IN'DEMOSTHENEM.

148 241 299 272 ineundae.
324 244 398 278 344,
413 245 466 273 21.
491 244 565 278 346,
587 245 639 273 21.
663 244 739 277 371,
757 243 805 272 15.

149 286 226 320 442,
258 286 314 315 ult.
358 285 479 315 Deinde
509 296 573 315 rem
606 285 809 324 peragendam

149 327 286 357 AEschini
313 332 345 357 et
369 328 537 358 Philocrati
564 327 712 366 permisit.
733 328 810 361 371,

150 371 203 400 15.
227 369 354 400 forsitan
370 371 420 399 hic
433 375 490 403 est,
501 381 590 409 quem
605 370 746 399 Eubulus
763 379 809 398 sa·

151 411 283 450 crilegii,
298 423 351 442 seu
369 413 567 451 pecuniarum
580 421 731 442 sacrarum
748 411 812 440 fur-

152 458 184 483 to
200 454 436 484 interversarum
450 465 534 484 reum
551 455 622 492 egit.
632 454 706 488 435,
720 456 749 482 8.
772 454 811 482 de

151 499 243 526 aetate
268 496 412 526 orationis
427 508 484 535 pro
500 497 700 535 Ctesiphonte
723 496 811 525 locus

150 538 281 577 insignis
296 544 344 568 est
360 540 441 577 apud
454 539 611 568 Plutarch.
622 537 710 577 §.nist
735 539 812 568 duos

151 591 169 610 a
204 581 294 610 Dem.
328 581 556 611 commemorari
588 582 814 622 Ctesiphontas,

152 628 258 653 auctor
272 628 320 653 est
336 625 518 663 Harpocrat.
534 624 563 652 h.
580 634 611 654 v.

112 665 276 705 Ctesippus
293 666 507 696 Glauconides.
526 668 619 702 1352,
634 669 684 697 26.

111 708 291 748 Ctesippus,
307 708 447 738 Chabriae
472 708 564 744 filius,
587 720 676 748 quem
702 711 815 738 Demo-

154 752 276 781 sthenes
293 756 394 780 tuetur
409 756 485 780 orat.
501 751 530 780 in
554 752 724 790 Leptinem.
741 753 817 787 451,

154 796 186 825 9.
208 794 264 823 hac
277 793 314 822 de
327 793 462 822 oratione
478 794 582 832 prodit
599 794 778 824 Plutarchus
789 794 814 833 §.

156 834 196 866 ιε’.
221 837 458 865 Demosthenem
476 836 557 866 illam
580 847 701 866 causam
727 847 817 876 agen-

154 879 224 907 dam
240 879 427 917 suscepisse,
442 884 475 908 ut
491 879 632 918 Ctesippi
648 880 749 916 matri,
765 889 817 909 cu-

152 921 204 959 jus
219 921 340 959 nuptias
352 922 494 956 ambiret,
511 923 743 959 gratificaretur.
769 933 819 951 ve-

156 968 325 993 rumtamen
354 969 418 993 ea‘m
449 974 533 1003 spem
563 965 680 994 irritam
711 965 818 994 fuisse.

157 1006 220 1035 Sed
237 1006 412 1044 obloquitur
427 1006 456 1035 ei
473 1006 592 1036 Suidas.
611 1018 638 1037 v.
655 1007 773 1036 Schott.
789 1018 819 1046 p.

115 1091 241 1127 meson,
257 1091 439 1121 Kerameus.
457 1094 551 1128 1361,
567 1096 619 1123 21.

114 1134 350 1173 KyprothemiS,
366 1145 384 1163 a
398 1134 540 1173 Tigrane,
556 1136 638 1175 regis
659 1137 820 1166 Persarum

157 1176 271 1214 legato,
296 1177 481 1206 constitutus
514 1179 596 1208 Sami
622 1184 779 1218 tyrannus,
805 1189 822 1208 a

157 1219 316 1248 Timotheo
333 1221 450 1258 ejectus
463 1224 521 1251 est.
538 1223 611 1257 193,
627 1225 658 1251 4.

117 1262 286 1301 Kyrehion,
301 1260 444 1302 Kvpnlev,
457 1262 609 1293 interdum
627 1264 738 1293 vitiose
758 1265 822 1293 Ke-

158 1305 267 1343 rybion
283 1305 396 1340 dictus,
411 1309 463 1334 aut
484 1307 588 1342 frater,
610 1311 661 1336 aut
685 1305 823 1341 κηδεστὴς

157 1347 313 1377 AEschinis
325 1348 369 1387 [h.
377 1358 404 1377 e.
417 1348 468 1386 qui
479 1348 546 1378 sive
558 1359 694 1379 sororem
702 1349 823 1379 AEschi-

160 1390 208 1419 nis
221 1389 252 1419 in
274 1390 466 1420 matrimonio
490 1391 628 1428 haberet,
644 1392 710 1421 sive
733 1394 822 1430 cujus

160 1442 246 1462 soror
270 1443 365 1471 penes
384 1433 561 1463 AEschinem
586 1435 683 1475 esset]
702 1434 823 1464 ὅκατίι-

159 1486 243 1514 ματος
265 1475 466 1505 Demostheni
490 1476 604 1507 dictus.
626 1479 702 1513 433,
719 1480 770 1507 21.
794 1489 823 1508 v.

161 1517 323 1557 Epicrates.

119 1560 194 1600 Cyri
213 1561 345 1600 junioris
361 1561 508 1592 adversus
524 1563 659 1598 fratrem,
674 1563 824 1593 Artaxer-

159 1613 243 1639 xem,
257 1604 418 1642 expeditio
432 1610 616 1635 memoratur
637 1617 669 1645 p.
683 1607 757 1640 197,
772 1608 823 1636 23.

117 1646 277 1686 Kyrsilum
294 1646 508 1682 Athenienses,
524 1652 679 1678 auctorem
701 1648 759 1676 sibi
781 1648 825 1677 fa-

161 1693 256 1724 ctum,
273 1694 307 1718 ut
329 1688 395 1727 regi
420 1689 585 1719 Persarum
609 1701 642 1720 se
666 1689 825 1725 dederent,

162 1731 245 1760 saxis
262 1741 320 1760 una
336 1741 404 1760 cum
422 1742 517 1761 uxore
542 1737 573 1762 et
592 1732 696 1762 liberis
721 1737 826 1762 contu-

160 1774 324 1803 mularunt.
341 1775 415 1808 296,
431 1776 462 1804 9.

119 1816 276 1856 Kyzikeui
311 1816 539 1847 Proconnesum
568 1817 649 1848 hello
677 1817 824 1857 affligunt.

162 1860 256 1895 1207,
272 1861 324 1890 22.

452 1992 494 2020 D.

122 2075 311 2114 Damagetus
334 2079 440 2105 auctor
465 2076 645 2113 Byzantinis
668 2076 765 2103 factus
780 2077 828 2103 est

164 2127 284 2147 coronae
304 2128 403 2147 aureae
421 2119 453 2147 P.
468 2118 506 2147 A.
523 2117 707 2153 deferendae,
721 2119 758 2145 ob
775 2117 828 2146 de-

164 2161 285 2199 pulsum
302 2171 319 2189 a
336 2160 484 2199 Byzantio
505 2162 571 2199 ejus
593 2170 686 2200 opera
709 2158 828 2197 Philip-

165 2213 248 2241 pum.
263 2204 339 2241 255,
349 2206 400 2233 20.

124 2245 339 2274 Damostratus
355 2244 543 2275 Melitensis.
561 2247 657 2280 1310,
671 2247 700 2275 6.

123 2288 338 2317 Damostratus
355 2288 470 2327 junior,
485 2288 566 2318 illius
583 2298 621 2317 ex
637 2287 828 2326 Amythaone

164 2340 272 2369 nepos.
286 2332 380 2365 1310,
395 2334 445 2360 11.

124 2373 280 2408 Daochus,
294 2373 473 2408 Thessalus,
486 2373 635 2411 proditor.
648 2375 723 2408 324,
741 2375 770 2402 8.

124 2415 249 2452 Darius,
262 2417 391 2455 primus,
404 2427 459 2446 rex
477 2417 655 2449 Persarum,
670 2415 763 2446 Datin
779 2415 831 2444 ad-

167 2469 274 2488 versus
291 2459 438 2489 Graeciam
453 2459 556 2488 mittit.
571 2461 666 2494 1377,
683 2459 713 2489 5.

125 2501 226 2536 Datis,
246 2501 366 2541 legatus
389 2502 471 2541 regis
493 2503 666 2536 Persarum,
686 2501 832 2530 adversus

168 2544 316 2573 Euhoeam
341 2549 372 2574 et
395 2554 501 2583 agrum
518 2544 650 2574 Atticum
673 2548 788 2577 movet,
803 2549 833 2572 et

167 2586 199 2615 in
221 2596 328 2624 campo
351 2587 546 2617 Marathonio
568 2587 686 2616 cladem
709 2586 831 2624 accipit.

172 2631 310 2665 1377‚4.

127 2670 296 2706 Demades,
305 2676 416 2706 orator,
426 2682 494 2702 cnm
505 2672 652 2712 Philippo
666 2672 748 2701 facit.
759 2674 833 2706 320,

171 2716 223 2744 27.
262 2722 366 2743 auctor
396 2715 429 2743 fit
454 2715 541 2753 pacis
568 2726 635 2745 cum
667 2715 834 2744 Macedone

169 2761 241 2795 post
263 2757 379 2785 cladem
405 2758 648 2787 Chaeronensem.
664 2758 742 2787 ibid.
767 2758 835 2787 Ari-

170 2798 318 2837 stogiton,
334 2799 485 2829 actionem
500 2800 532 2828 in
556 2810 623 2829 eum
645 2810 768 2839 parans,
785 2811 834 2829 ac-

170 2846 259 2880 cepta
276 2842 406 2880 pecunia
418 2843 567 2881 placatus.
579 2844 655 2877 784,
668 2845 718 2872 17.
744 2853 835 2881 quum

172 2884 397 2914 Demosthenes
416 2885 527 2914 iterum
544 2885 673 2914 Athenis
690 2885 836 2924 auffugis-

171 2932 226 2962 set,
247 2932 330 2957 metu
347 2926 500 2968 Antipatri
520 2932 551 2956 et
577 2927 706 2963 Crateri,
723 2927 775 2966 qui
793 2927 837 2958 vi-

1468 137 1552 179 305

886 244 987 270 ctores
1013 242 1093 271 bello
1119 242 1261 272 Lamiaco
1287 243 1359 274 sacti
1383 244 1422 273 ad
1447 246 1550 275 urbem

886 283 1080 320 advolabant,
1092 285 1244 315 Demades
1253 286 1313 315 lata
1325 286 1481 325 rogatione
1490 289 1552 317 De-

887 326 1076 356 mosthenem
1092 327 1202 365 capitis
1219 328 1383 358 damnavit.
1396 330 1553 361 Plutarch.

887 367 914 406 ξ.
931 367 982 398 κη’.
994 369 1030 397 ad
1045 380 1132 407 quem
1150 370 1249 398 locum
1262 381 1291 399 v.
1302 372 1428 401 Barton.

846 410 1030 440 Demaratus
1054 410 1192 449 Philippi
1216 413 1373 443 studiosus
1397 415 1479 452 apud
1495 415 1553 445 Co-

889 453 1031 482 rinthios.
1048 455 1123 488 324,
1137 456 1189 482 14.

848 495 1043 530 Demaretus,
1058 495 1254 525 Aristaechmi
1278 496 1442 527 liberorum
1459 503 1552 530 tutor.

893 539 965 573 987,
981 541 1032 568 18.

850 579 962 615 Demo,
992 585 1119 620 patruus
1153 580 1385 616 Demosthenis,
1416 584 1555 619 oratoris,

892 627 979 661 pater
1004 624 1087 653 illius
1114 624 1349 662 Demophontis,
1373 624 1424 662 qui
1447 625 1505 655 fuit
1526 626 1555 656 in

892 666 1046 695 tutoribus
1074 666 1195 704 parvuli
1224 666 1453 696 Demosthenis,
1481 670 1556 704 840,

895 710 945 737 10.
978 719 1101 737 causam
1129 708 1209 738 dixit
1234 710 1382 739 adversus
1407 709 1558 740 Zenothe-

893 750 965 779 min.
979 755 1053 786 881,
1066 753 1118 781 27.

852 793 1072 828 Demochares,
1088 794 1328 829 Leuconoensis,
1346 804 1480 824 sororem
1497 806 1563 825 ma-

895 835 952 864 tris
969 836 1187 866 Demosthenis
1206 837 1236 866 in
1258 836 1450 866 matrimonio
1468 838 1560 868 habe-

896 879 957 908 bat.
976 881 1050 914 818,
1067 881 1098 909 3.
1116 881 1190 914 836,
1204 881 1255 908 17.
1280 880 1367 909 Conf.
1384 879 1504 910 Corsin.
1522 882 1558 910 F.

895 920 936 950 A.
961 922 1006 950 ΙΙ.
1030 932 1060 959 p.
1084 924 1135 957 96,
1161 924 1213 952 97.
1244 922 1411 951 Ruhnken.
1437 923 1559 954 Histor.

897 963 997 993 critic.
1014 968 1125 993 orator.
1143 965 1242 993 Graec.
1259 975 1291 1002 p.
1309 967 1381 994 179.

855 1006 1074 1042 Demochares,
1089 1006 1447 1042 Paeaniensis.1145,21.
1464 1011 1561 1045 1147,

899 1052 950 1078 11.
968 1051 1063 1084 1148,
1076 1052 1128 1080 22.

856 1092 1078 1121 Democharem
1091 1093 1195 1122 nescio
1207 1102 1295 1131 quem
1312 1092 1407 1121 caedis
1423 1092 1453 1121 in
1472 1094 1560 1124 fratre

897 1135 1078 1164 Theocrinis
1108 1136 1278 1164 commissae
1308 1136 1438 1173 peremti
1468 1136 1562 1166 frater

898 1177 1105 1213 insimulabat,
1119 1188 1248 1216 eumque
1265 1178 1346 1217 apud
1363 1177 1562 1218 Areopagum

898 1225 1110 1249 accusaturum
1126 1220 1306 1250 minabatur.
1323 1222 1420 1255 1331,
1435 1223 1466 1250 7.

858 1263 1037 1292 Democlem
1060 1263 1243 1292 denunciare
1268 1263 1432 1292 instituens
1448 1264 1563 1293 Aristo-

900 1305 983 1344 giton
996 1315 1122 1335 aversus
1139 1305 1269 1344 pecunia
1280 1305 1410 1334 destitit.
1421 1309 1498 1341 784,
1512 1309 1563 1336 22.

857 1349 1066 1383 Democrates,
1096 1348 1216 1386 Sophili
1238 1349 1270 1383 f.,
1296 1347 1470 1386 Phlyensis,
1495 1360 1564 1379 cum

898 1390 967 1420 aliis
991 1390 1103 1429 legatis
1116 1390 1245 1420 mittitur
1256 1391 1293 1420 ad
1319 1390 1492 1431 Philippum
1519 1402 1566 1422 sa-

899 1434 1044 1463 cramenti
1058 1434 1095 1463 ab
1114 1444 1150 1463 eo
1166 1433 1309 1474 exigendi
1320 1444 1404 1472 ergo.
1418 1435 1491 1470 235,
1514 1437 1565 1465 18.

899 1476 968 1511 fuit,
990 1486 1048 1505 una
1072 1486 1141 1506 cum
1167 1476 1385 1512 Demosthene,
1401 1477 1430 1506 in
1455 1477 1565 1516 legatis

900 1519 939 1547 ad
962 1519 1136 1553 Thebanos,
1163 1519 1288 1549 t’oederis
1317 1529 1390 1556 ergo
1416 1520 1565 1550 adversus

900 1561 1082 1599 Philippum
1099 1561 1293 1591 conciliandi.
1307 1563 1382 1596 291,
1399 1564 1430 1591 7.

859 1604 1066 1639 Democritus,
1076 1604 1296 1642 Demophontis
1304 1604 1338 1639 f.,
1349 1604 1570 1644 Anagyrasius,

901 1656 968 1675 cum
982 1646 1050 1675 aliis
1070 1647 1106 1675 ad
1125 1646 1301 1685 Philippum
1317 1646 1429 1676 missus
1444 1647 1565 1678 navium

901 1689 1137 1727 repetendarum
1154 1699 1237 1728 ergo,
1255 1691 1328 1724 250,
1342 1689 1393 1719 15.

861 1731 1065 1766 Demomeles,
1083 1741 1141 1761 una
1155 1743 1222 1761 oum
1240 1732 1414 1770 Hyperide,
1431 1733 1568 1762 subscri-

902 1779 974 1813 ptor
995 1773 1164 1813 rogationis
1188 1774 1368 1809 Aristonici,
1392 1774 1431 1803 de
1457 1785 1568 1804 corona

903 1826 996 1846 aurea
1011 1817 1211 1847 Demostheni
1221 1817 1506 1852 decernendaAEOQ,
1516 1819 1570 1848 25.

862 1860 1069 1895 Demomeles,
1083 1860 1274 1890 necessarius
1289 1860 1519 1896 Demosthenis,
1535 1861 1568 1889 fi-

905 1902 965 1932 lius
982 1902 1142 1938 Demonis,
1159 1902 1208 1932 cui
1225 1907 1312 1942 pater·
1331 1902 1462 1932 oratoris
1480 1904 1568 1933 sede-

903 1946 960 1975 cim
978 1945 1073 1974 minas
1085 1949 1189 1975 mutuo
1205 1946 1301 1975 dedit.
1318 1946 1391 1980 816,
1410 1945 1464 1974 ult.

862 1988 1061 2023 Demonicus,
1076 1988 1297 2023 Marathonius,
1313 1998 1329 2017 e
1347 1992 1454 2017 senatu
1472 1989 1569 2020 Areo-

905 2031 1051 2070 pagitico.
1063 2033 1136 2066 272,
1151 2033 1181 2061 6.

863 2073 1063 2108 Demonicus,
1079 2073 1255 2112 Phlyensis‚
1267 2074 1387 2103 archon.
1404 2075 1479 2110 ⁰265,
1491 2076 1520 2104 5.
1538 2085 1567 2104 v.

907 2116 1024 2145 Corsin.
1042 2116 1077 2145 F.
1090 2116 1127 2145 Α.
1144 2117 1171 2145 Ι.
1185 2118 1259 2147 349.

863 2159 1106 2197 Demophantus,
1119 2158 1156 2188 al.
1171 2159 1377 2198 Diophantus.
1389 2160 1464 2194 505,
1478 2169 1547 2197 pen.

865 2201 1080 2240 Demophilus,
1097 2202 1256 2240 trapezita.
1273 2204 1369 2237 1031,
1383 2205 1412 2232 9.

867 2244 1063 2283 Demophon,
1087 2245 1235 2274 Demonis
1252 2245 1284 2280 f.,
1298 2245 1327 2273 iu
1345 2245 1497 2274 tutoribus
1510 2245 1572 2272 De-

908 2287 1086 2317 mosthenis.
1101 2289 1175 2322 814,
1199 2290 1250 2318 13.
1274 2294 1358 2316 eraut
1383 2287 1570 2317 consobrini.

908 2341 974 2360 nam
1002 2331 1113 2366 Demo,
1138 2330 1364 2369 Demophontis
1386 2335 1483 2369 pater,
1507 2334 1572 2358 erat

909 2373 1001 2403 frater
1017 2373 1235 2402 Demosthenis
1251 2372 1391 2402 senioris.
1409 2374 1484 2407 840,
1497 2374 1549 2401 10.

867 2417 1099 2450 Demosthenes,
1116 2415 1229 2451 senior,
1245 2420 1332 2454 pater
1351 2415 1492 2450 oratoris,
1505 2424 1571 2453 quae

910 2458 972 2488 filio
988 2458 1160 2496 reliquerit,
1181 2464 1211 2487 et
1227 2458 1379 2497 quomodo
1400 2458 1439 2487 de
1463 2457 1501 2486 iis
1517 2467 1573 2496 per

909 2506 1123 2531 testamentum
1138 2501 1341 2530 constituerit.
1359 2503 1433 2536 811,
1446 2502 1476 2529 8.
1493 2510 1538 2537 sq.

869 2545 1103 2579 Demosthenes,
1120 2548 1232 2578 orator,
1258 2543 1341 2572 illius
1366 2543 1456 2576 filius,
1479 2541 1574 2581 gemi-

912 2597 978 2616 nam
996 2598 1013 2616 a
1029 2587 1066 2616 P.
1081 2589 1117 2616 Α.
1134 2586 1205 2615 tulit
1220 2596 1359 2615 coronam
1376 2595 1510 2620 auream,
1531 2585 1574 2613 al—

911 2636 1006 2659 teram
1023 2633 1148 2668 rogante
1161 2629 1347 2663 Aristonico,
1362 2628 1486 2657 alteram
1503 2628 1575 2657 Cte-

913 2673 1069 2711 siphonte.
1090 2674 1164 2707 253,
1181 2675 1210 2701 4.
1235 2671 1265 2700 in
1288 2670 1488 2709 expeditione
1512 2671 1575 2699 Eu·

914 2716 1000 2744 boica
1025 2715 1172 2743 adversus
1188 2714 1350 2743 Thebanos
1366 2723 1397 2741 se
1413 2712 1509 2742 fuisse
1534 2712 1577 2742 ait

912 2759 941 2787 in
969 2767 1093 2786 numero
1118 2757 1351 2786 trierarchorum
1374 2755 1507 2790 illorum,
1523 2756 1576 2794 qui

914 2799 1004 2839 primi
1021 2803 1131 2838 sponte
1148 2809 1203 2828 sua
1223 2798 1455 2828 trierarohatum
1476 2809 1577 2828 susce-

915 2847 1037 2881 perunt,
1054 2844 1129 2876 259,
1152 2843 1203 2871 13.
1226 2842 1326 2880 legem
1349 2841 1388 2870 de
1415 2841 1579 2875 classibus,

917 2895 969 2914 sen
988 2884 1281 2920 consociatiouibus,
1299 2883 1435 2924 pertulit,
1447 2884 1579 2923 ideoque

917 2932 1090 2963 accusatus,
1107 2932 1208 2958 actore
1226 2928 1437 2968 condemnato,
1459 2926 1582 2957 absolu·

874 2972 892 3000 2
913 2981 930 2999 n
