1822 3187
518 162 579 202 IN
616 158 1105 202 DEMOSTHENEM.
1459 162 1542 202 3⁶29

432 354 471 381 D.

96 437 243 468 Dekelea.
288 437 437 467 Dekelico
457 438 551 472 bello,
575 447 642 475 quae
660 446 730 475 pars
754 440 801 465 est

138 479 405 519 Peloponnesiaci,
427 480 625 510 Athenienses
650 489 667 508 a
681 479 800 508 Theba-

136 523 184 552 nis
196 529 287 561 atque
299 523 468 553 Corinthiis
483 523 620 561 ingentes
634 522 737 551 clades
750 530 799 550 ac-

136 565 303 604 cipiebant.
328 567 401 601 958,
423 568 474 596 13.
495 567 570 599 562,
591 566 621 594 4.
645 566 721 600 597,
748 565 800 594 26.

136 609 212 643 ¹740,
230 611 281 639 25.
298 609 393 644 1304,
411 610 441 637 7.

94 649 278 689 Delphicum
287 651 433 689 templum
444 649 586 688 pecunias
600 650 799 688 poscentibus

134 693 240 723 foenori
270 694 373 728 dabat,
396 697 429 722 ut
458 693 674 722 Alcmaeonidis
701 693 799 727 dedit,

134 736 362 770 exsulantibus,
394 745 453 774 quo
491 736 612 764 domum
652 735 799 770 redirent,

133 783 225 817 atque
252 778 378 816 patriam
403 788 419 807 a
450 778 656 807 Pisistratidis
688 778 797 807 libera-

133 826 211 850 rent.
237 823 311 856 561,
342 822 392 850 18.
415 820 516 859 patria
544 830 631 850 sacra
655 830 709 858 pro
732 831 798 859 rep.

132 863 244 892 Athen.
262 863 391 901 Delphis
407 863 518 899 facere,
534 864 592 893 nisi
608 863 799 899 Atheniensi,

132 906 244 935 nemini
261 906 384 936 licebat.
402 908 497 942 1481,
513 917 584 945 pen.

92 948 205 978 Delus.
230 949 270 978 ad
301 959 422 978 causam
449 949 556 987 templi
582 947 736 987 Apollinis
765 948 796 977 in

132 992 214 1021 Delo
243 1001 300 1030 pro
336 991 576 1021 Atheniensibus
604 991 635 1020 in
665 991 797 1021 concilio

132 1034 389 1074 Amphictyonico
416 1034 588 1069 dicendam,
614 1034 753 1064 delectus
781 1045 797 1063 a

131 1077 248 1117 populo
270 1087 338 1106 cum
361 1076 471 1106 fuisset
494 1076 670 1113 AEschines,
689 1087 726 1106 eo
750 1087 794 1106 re-

133 1120 273 1159 probato,
306 1125 430 1149 senatus
460 1119 696 1159 Areopagiticus
722 1120 796 1149 acti-

133 1172 220 1191 onem
238 1162 313 1191 hanc
331 1161 487 1201 Hyperidi
500 1163 706 1192 demandavit.
722 1165 795 1198 271,

133 1207 187 1235 23.
202 1204 235 1234 id
251 1205 330 1244 quod
349 1204 450 1234 evenit
466 1210 547 1240 ante,
568 1215 656 1244 quam
674 1205 795 1244 Python

132 1248 267 1277 Athenas
285 1247 413 1276 veniret.
431 1249 504 1282 262,
524 1251 574 1278 16.

91 1290 214 1329 Digma,
244 1291 375 1328 Δεῖγμα,
400 1289 487 1319 locus
512 1290 541 1319 in
567 1294 658 1328 portu
683 1290 795 1320 Athen.

135 1331 185 1362 nbi
203 1333 409 1368 negotiatores
425 1333 568 1371 exempl-a
581 1333 726 1362 mercium
743 1334 795 1362 ad-

133 1380 286 1405 vectarum
319 1379 491 1414 spectatum
527 1377 734 1414 exponebant,
765 1380 796 1405 et

133 1424 286 1447 mercatus
313 1418 542 1453 contrahebant,
568 1418 661 1455 vulgo
685 1418 795 1455 Bursa,

133 1461 179 1491 die
195 1460 283 1490 Bb'rse
301 1459 363 1500 [the
383 1460 564 1501 Eme-hange}
583 1463 678 1495 1214,
698 1464 748 1492 18.

91 1503 305 1538 Dioscureum,
323 1513 377 1533 seu
394 1504 539 1542 templum
564 1504 795 1533 Dioscurorum.

132 1548 206 1581 390,
223 1548 275 1575 26.

91 1590 231 1618 Dodona.
257 1587 405 1618 Dodonaei
427 1587 517 1618 Jovis
537 1588 660 1617 oracula
683 1588 722 1617 de
747 1599 795 1618 se-

132 1632 230 1660 cunda
247 1631 355 1661 Athen.
378 1631 509 1660 fortuna.
525 1632 601 1666 311,
625 1633 676 1661 20.
701 1633 794 1666 1466,

133 1676 184 1704 27.
202 1675 298 1709 1487,
316 1677 345 1703 1.

92 1718 253 1752 Doris-cus,
284 1716 431 1755 oppidum
461 1716 609 1745 Thraciae.
645 1718 716 1751 133,
745 1718 795 1746 16.

131 1761 206 1795 390,
224 1761 253 1789 2.

92 1802 269 1841 Drongilus,
287 1802 370 1831 item.
388 1804 461 1835 100,
479 1803 529 1831 22.
546 1802 619 1836 135,
637 1804 688 1832 18.

91 1848 237 1884 Drymus.
252 1847 327 1879 446,
343 1847 373 1874 2.
392 1856 420 1874 v.
436 1843 566 1874 Coi-sini.
585 1845 618 1874 F.
636 1845 673 1874 A.
689 1854 751 1884 par.
770 1846 794 1875 1.

133 1889 162 1917 d.
182 1900 207 1917 ν.
227 1898 255 1926 p.
273 1889 347 1917 256.

92 1930 184 1971 Drys,
196 1930 343 1970 oppidum
357 1939 454 1969 prope
473 1929 661 1970 Byzantium.
678 1932 751 1965 664,
764 1932 794 1959 2.

425 2057 463 2086 Ε.

90 2143 236 2177 Echinus,
261 2142 408 2182 oppidum
434 2140 598 2171 Thessaliae
624 2141 795 2177 finitimum,

131 2196 148 2216 a
171 2186 323 2215 Thebanis
341 2184 509 2220 conditum,
533 2183 649 2213 Echino
672 2185 763 2220 duce,
779 2195 795 2214 e

131 2229 252 2266 Spar-tis
275 2228 415 2263 oriundo,
438 2237 498 2265 quo
523 2227 688 2266 Philippus
715 2228 795 2257 'rhe-

133 2273 226 2300 banos
238 2270 407 2300 mulctavit.
427 2272 499 2304 120,
515 2272 547 2301 3.

88 2315 249 2350 Eetionea‚
258 2312 556 2348 'He-riaivem‚alterum
569 2321 663 2341 cornu
674 2311 796 2347 Piraeei,

130 2367 206 2395 agro
226 2356 329 2386 Attico
352 2356 441 2385 valde
459 2356 643 2394 importuna,
667 2366 728 2394 quo
747 2365 795 2384 re-

129 2404 253 2438 ceptum
284 2399 350 2428 ibat
380 2399 492 2428 Critias
530 2398 793 2427 Lacedaemonios.

128 2447 314 2482 quapropter
338 2441 555 2476 Aristocrates,
572 2441 681 2471 Skellii
700 2442 794 2476 filius,

131 2495 195 2514 eam
213 2484 336 2514 evertit.
354 2487 449 2518 1343,
466 2486 496 2514 8·

90 2526 280 2563 Ειοο,Ἠῒὼν,
295 2528 377 2566 apud
391 2526 604 2565 Amphipolin,
621 2526 735 2556 bellum
752 2525 796 2555 ibi

131 2576 263 2609 gestum.
278 2572 354 2604 173,
367 2571 398 2600 5.
415 2571 491 2604 687,
508 2573 537 2598 1.

90 2614 209 2649 Elatea,
225 2613 373 2652 oppidum
388 2613 546 2642 Phocidis.
563 2613 637 2647 275,
656 2614 708 2643 13.
725 2611 797 2641 Phi-

128 2656 216 2696 lippo
231 2665 297 2684 eam
314 2654 414 2684 subito
431 2655 581 2694 rapiente,
596 2655 746 2690 Thebani,
761 2665 797 2684 ea

130 2709 164 2728 re
179 2703 210 2728 et
232 2697 342 2727 offensi
359 2702 391 2726 et
411 2698 580 2736 perterriti,
602 2699 639 2727 ab
661 2699 728 2736 ejus
747 2708 796 2727 so-

130 2742 243 2771 cietate
258 2740 453 2775 deficiebant,
470 2746 501 2769 et
517 2751 585 2770 cum
603 2740 797 2770 Atheniensi-

131 2786 189 2814 bus
216 2783 329 2821 juncti,
360 2783 559 2812 Macedonem
589 2784 799 2822 expellebant.

129 2829 205 2862 273,
232 2828 262 2856 6.
300 2825 433 2855 Diodor.
462 2825 525 2855 Sio.
552 2825 600 2854 ΙΙ.
627 2828 798 2856 142143.

129 2879 206 2899 anno
236 2868 373 2898 secundo
402 2869 526 2907 Olymp.
556 2867 628 2897 CX.
653 2873 797 2898 exeunte.

128 2911 252 2942 Corsin.
267 2911 305 2940 F.
322 2911 360 2941 A.
371 2911 398 2940 1.
415 2921 446 2959 p.
461 2912 535 2941 358.
552 2912 626 2941 364.
639 2911 728 2950 Adp.
745 2913 800 2945 69,

130 2956 182 2986 18.
212 2963 267 2984 eur
293 2953 446 2992 receperit
470 2953 635 2991 Phiiippus
663 2953 799 2983 Elateam

879 265 1028 295 moenibus
1054 265 1235 301 cincturam,
1259 266 1354 304 (anno
1380 270 1409 297 2.
1432 268 1480 296 vel
1508 270 1539 297 3.

878 308 1002 346 Olymp.
1033 307 1172 346 CVIII.)
1201 308 1321 338 scilicet
1349 315 1542 348 persuaserat

878 350 1105 384 Phocensihus‚
1119 360 1241 388 operam
1260 361 1291 380 se
1305 352 1444 382 daturum
1461 362 1541 387 esse,

878 397 910 423 ut
927 394 1001 422 urbe
1015 403 1117 422 eornm
1134 393 1291 431 primaria,
1311 394 1426 431 Elatea,
1444 395 1542 424 muni-

877 436 966 471 enda,
992 436 1202 465 Thebanorum
1223 435 1417 466 incursiones
1443 438 1543 476 repri-

876 484 948 508 mat.

834 521 952 556 Elatea,
984 521 1131 560 oppidum
1159 520 1328 559 Cassopiae.
1380 521 1540 560 Philippus

876 564 1066 599 Alexandro,
1093 563 1296 602 Olympiadis,
1328 564 1434 592 uxoris
1465 574 1540 599 suae,

874 606 959 636 fratri
974 607 1116 635 donabat.
1133 608 1186 641 84,
1203 608 1254 636 23.

834 649 940 684 Eleus,
968 648 1122 683 Eleuntis,
1147 648 1296 687 oppidum
1322 648 1540 678 Cherrhonesi.

875 694 949 727 256,
963 694 1013 721 22.
1031 693 1105 727 672,
1123 693 1174 720 20.

833 734 966 769 Eleusis,
986 734 1133 772 oppidum
1162 732 1284 767 Atticae,
1307 733 1345 762 ad
1375 732 1476 763 CXX
1500 733 1538 763 ab

877 778 961 806 Urbe
972 777 1080 805 stadia.
1098 778 1171 810 238,
1190 778 1241 805 18.
1255 781 1344 814 capta
1357 786 1373 804 a
1391 776 1538 814 Philippo

877 819 997 855 Elatea,
1014 820 1188 848 hortabatur
1206 819 1427 848 Demosthenes
1442 819 1538 848 Athe-

873 862 1006 896 nienses,
1031 868 1063 891 ut
1090 861 1127 891 ad
1151 861 1279 890 Eleusin
1304 861 1411 890 armati
1435 860 1540 900 prodi-

873 910 949 935 rent.
971 907 1046 939 290,
1071 907 1102 934 5.
1124 904 1269 943 templum
1293 908 1456 942 augustum
1477 903 1535 933 Ce-

874 947 950 977 reris
967 947 1022 976 ibi.
1041 948 1133 982 1385,
1149 948 1180 976 3.

832 991 901 1020 Elin
924 990 954 1019 in
982 990 1194 1029 Peloponneso
1219 990 1341 1018 tenebat
1362 988 1537 1028 Philippus.

875 1036 947 1068 118,
963 1035 992 1063 5.
1010 1034 1146 1062 caedibus
1162 1032 1203 1061 ibi
1220 1036 1378 1069 grassatus
1387 1037 1446 1061 est.
1464 1033 1538 1065 133.

874 1077 927 1105 ult.
944 1078 1020 1109 424,
1035 1078 1088 1106 22.
1103 1075 1150 1105 vel
1167 1075 1270 1113 potius
1287 1074 1380 1104 factio
1397 1076 1472 1114 ejus.
1483 1084 1538 1112 gu-

874 1119 1078 1148 bernationem
1113 1117 1293 1157 popularem
1325 1117 1368 1146 ibi
1400 1117 1537 1146 sustulit.

874 1164 950 1196 435,
964 1163 1012 1191 16.

834 1204 973 1239 Eressus,
991 1203 1137 1242 oppidum
1151 1202 1256 1231 Lesbi.
1274 1204 1348 1236 213,
1367 1204 1418 1232 19.

832 1246 963 1282 Eretria,
984 1245 1129 1285 oppidum
1154 1245 1271 1274 Euboea
1295 1254 1311 1273 e
1335 1245 1458 1283 regione
1481 1244 1538 1273 At-

875 1289 954 1319 ticae.
968 1290 1020 1323 98,
1038 1290 1088 1318 26.
1104 1287 1157 1317 uhi
1174 1286 1344 1326 tyrannidis
1359 1298 1376 1316 a
1393 1287 1537 1325 Philippo

874 1332 915 1361 ibi
932 1331 1106 1361 constitutae
1123 1330 1235 1359 mentio
1249 1330 1291 1365 fit,
1304 1340 1381 1359 anno
1393 1333 1423 1360 2.
1441 1335 1494 1359 aut
1507 1332 1539 1360 3.

876 1374 1000 1413 Olymp.
1026 1373 1116 1403 CIX.
1134 1375 1208 1408 119,
1226 1374 1279 1409 21,
1296 1374 1370 1407 125,
1387 1376 1439 1403 18.
1456 1372 1537 1401 idem

874 1417 922 1446 bis
952 1417 1135 1446 rebellantes
1166 1415 1345 1454 compescit.
1377 1417 1451 1450 125,
1483 1415 1536 1444 ult.

875 1459 1077 1489 Athenienses
1103 1458 1255 1488 Eretriam
1279 1468 1297 1487 a
1322 1457 1462 1487 clearchi
1490 1462 1538 1496 ty-

873 1502 998 1531 rannide
1007 1502 1183 1535 liberarunt,
1192 1505 1314 1530 auctore
1323 1501 1540 1529 Demosthene.

875 1546 948 1580 252,
964 1547 996 1575 5.
1009 1548 1040 1573 et
1056 1546 1108 1574 19.
1123 1545 1199 1579 787,
1216 1546 1246 1573 1.
1258 1554 1297 1572 ex
1311 1544 1432 1573 Eretria
1449 1543 1538 1572 Datis

873 1588 970 1617 Persa
992 1587 1023 1616 in
1046 1586 1265 1616 Marathoniam
1288 1586 1418 1624 trajecit.
1442 1587 1539 1621 1377,

831 1672 974 1711 Ergisca‚
990 1671 1137 1710 oppidum
1153 1669 1301 1700 Thraciae.
1317 1672 1370 1706 85,
1382 1671 1437 1701 ult.

831 1717 979 1745 Euboeam
1001 1713 1155 1744 Thebanis
1179 1713 1384 1752 rapientibus,
1408 1712 1538 1743 Atheni·

873 1769 973 1794 enses,
987 1762 1110 1787 auctore
1131 1756 1306 1791 Timotheo,
1325 1756 1427 1786 subita
1443 1766 1538 1794 expe-

872 1801 990 1830 ditione
1012 1800 1191 1829 liberabant.
1217 1801 1291 1833 108,
1315 1802 1366 1829 12.
1387 1799 1461 1833 205,
1485 1801 1538 1830 ‘25-

872 1844 998 1882 Olymp.
1035 1843 1124 1878 CIV,
1152 1845 1181 1871 1.
1226 1841 1406 1880 Amphipoli
1439 1841 1539 1871 adhuc

873 1886 970 1920 salva,
986 1885 1020 1914 id
1042 1886 1123 1924 quod
1140 1894 1180 1914 ex
1200 1895 1237 1914 eo
1257 1889 1387 1918 constat,
1402 1885 1484 1923 quod
1500 1885 1538 1913 de

872 1929 1005 1958 adventu
1028 1928 1198 1967 legatorum
1218 1926 1537 1965 Amphipolitanorum

871 1981 904 2010 p.
920 1975 972 2001 11.
988 1973 1040 2000 11.
1060 1975 1209 2000 narratur.
1227 1970 1301 1999 item
1319 1974 1388 1998 ante
1410 1970 1539 2008 expedi·

873 2014 988 2043 tionem
1013 2013 1236 2051 Olyntliiacam.
1261 2013 1337 2046 566,
1367 2015 1419 2043 22.
1447 2013 1536 2042 Conf.

872 2057 964 2086 etiam
982 2066 1012 2094 p.
1028 2058 1083 2090 44,
1103 2057 1158 2085 26.
1179 2055 1239 2084 alia
1254 2054 1408 2092 posterior
1424 2055 1537 2085 Athen.

873 2099 902 2128 in
941 2100 1087 2129 Euboeam
1121 2097 1296 2137 expedit107
1325 2098 1539 2136 Olynthiacam

873 2142 1022 2171 insecuta.
1044 2142 1118 2175 566,
1135 2151 1207 2179 pen.
1232 2146 1264 2171 et
1280 2141 1394 2170 caedein
1417 2140 1538 2179 Cotyis.

873 2186 948 2219 678,
966 2186 1016 2214 12.
1052 2183 1226 2222 Philippus,
1242 2193 1317 2222 pace
1334 2193 1404 2212 cum
1427 2183 1537 2213 Athen.

874 2227 1057 2266 composita,
1070 2226 1217 2257 Euboeam
1232 2226 1367 2266 tyrannis
1380 2226 1540 2264 implebat,

874 2270 1005 2300 Eretriae
1035 2270 1221 2299 Clitarchum
1253 2270 1425 2307 imponens,
1454 2271 1537 2300 Oreo

874 2313 1083 2347 Philistidam,
1093 2312 1161 2341 aliis
1171 2312 1258 2347 alios,
1270 2317 1302 2341 ut
1311 2312 1538 2349 Hipparchum,

873 2356 1142 2389 Automedontem,
1157 2364 1236 2384 anno
1252 2357 1282 2385 2.
1297 2358 1349 2383 aut
1364 2356 1394 2385 3.
1411 2354 1537 2393 Olymp.

873 2399 963 2428 CtX.
986 2400 1038 2434 99,
1055 2402 1085 2427 1.
1109 2400 1183 2433 119,
1208 2399 1260 2427 22.
1285 2398 1363 2431 125,
1388 2398 1438 2427 25.
1463 2399 1538 2431 248,

874 2444 925 2472 14.
942 2451 1018 2479 quas
1033 2440 1208 2480 tyrannides
1225 2440 1262 2469 P.
1276 2440 1325 2474 Α.,
1341 2444 1465 2468 anctore
1477 2440 1539 2469 De-

873 2485 1043 2519 mosthene,
1057 2483 1188 2521 depulit.
1205 2484 1280 2518 252,
1297 2484 1328 2512 3.
1343 2487 1374 2511 et
1387 2484 1437 2512 18.
1455 2482 1539 2520 quod

873 2529 913 2557 ob
928 2527 1071 2556 meritum
1081 2525 1195 2556 oratori
1212 2525 1311 2564 prima
1326 2535 1437 2554 corona
1449 2535 1540 2554 aurea

871 2570 931 2600 fuit
953 2570 1087 2605 decreta,
1109 2573 1232 2598 auctore
1253 2567 1439 2596 Aristonico.
1463 2569 1539 2603 253,

875 2616 927 2644 19.
944 2615 1019 2648 254,
1037 2613 1090 2643 16.
1114 2612 1210 2640 turbae
1226 2610 1255 2639 in
1272 2610 1392 2639 Euboea
1407 2611 1445 2638 oh
1462 2610 1537 2640 Plu-

873 2656 1024 2690 tarchum,
1047 2655 1092 2683 ibi
1119 2658 1291 2694 tyrannum,
1317 2652 1401 2682 circa
1428 2663 1539 2683 annum

874 2699 999 2729 tertium
1018 2697 1143 2735 Olymp.
1159 2696 1226 2730 CL,
1245 2695 1354 2733 quibus
1375 2695 1540 2726 immisceri

875 2743 911 2771 P.
934 2743 973 2771 A.
997 2740 1194 2769 dissuadebat
1217 2742 1328 2767 orator.
1350 2739 1404 2774 58,
1430 2740 1461 2768 4.
1483 2738 1538 2768 sed

876 2784 1089 2822 nequicquam,
1110 2785 1141 2811 et
1163 2782 1351 2810 Euboeenses
1367 2782 1405 2810 ab
1428 2781 1540 2811 Athen.

877 2827 974 2864 adjuti
995 2825 1095 2855 malint
1118 2824 1195 2862 ipsis
1210 2824 1383 2853 referebant
1401 2824 1541 2861 gratiam.

877 2871 931 2904 58,
944 2871 995 2898 12.
1010 2867 1231 2897 Demosthenes
1241 2865 1271 2895 in
1282 2866 1429 2896 Euboeam
1440 2876 1458 2896 a
1468 2866 1542 2897 Phi·-

877 2911 964 2950 lippo
990 2910 1185 2940 sollicitatam
1212 2913 1243 2938 et
1267 2913 1411 2939 tentatam
1438 2910 1544 2939 obibat

879 2954 1074 2993 legationem.
1088 2954 1163 2988 252,
1185 2954 1215 2982 6.
1249 2951 1367 2983 Euboea
1381 2962 1474 2992 quare
1488 2953 1542 2982 do·

838 2998 895 3026 21:
