1822 3187
213 115 298 156 302

258 222 342 251 illum
375 222 499 251 Senatui
530 222 687 260 praefuisse
718 233 796 253 anno
832 223 923 253 tertio

258 265 384 306 Olymp.
402 266 494 294 0111.
510 265 587 295 hunc
605 271 722 305 quarto.
740 278 770 297 v.
792 267 922 296 Palmer.

260 309 372 338 Exere.
392 319 420 347 p.
436 310 509 338 637.
527 310 580 338 sed
597 320 624 338 v.
645 310 805 348 disputata
820 312 876 338 suh
894 322 921 339 v.

260 350 362 381 Chion.
380 352 417 381 de
433 352 652 391 Cephisodoris
669 353 783 390 aliquot
798 354 923 382 archon-

258 394 339 424 tibus
358 406 386 424 v.
410 395 608 425 disserentem
633 397 803 425 Corsinium
822 398 856 426 F.
884 398 921 426 A.

258 442 279 467 t.
298 439 340 467 ll.
356 449 385 477 p.
402 441 474 468 100.

214 481 459 519 Kephisodorns,
486 482 524 511 de
548 483 635 519 cujus
663 482 773 511 ancilla
797 482 835 511 lis
859 487 924 512 orta

256 524 434 554 Theocrinis
453 525 542 563 patri.
560 527 654 559 1:327,
673 529 724 555 ⁴2⁶2.

214 567 461 606 Kephisodotus,
474 568 702 603 Kerameensis‚
720 568 923 597 interca-issi-

256 610 342 639 dicos
358 616 419 640 tum
437 615 576 649 potentes
589 611 767 640 nominatur.
784 612 858 646 501,
871 614 922 641 214.

257 653 333 689 5002,
357 656 409 683 27.
435 655 506 683 sort.
530 654 577 682 hie
596 654 674 683 idem
699 661 756 689 est,
779 655 817 683 ad
833 665 922 692 quem

256 696 363 726 literas
395 697 487 726 dabat
520 697 733 732 Charidemus,
769 697 922 736 recipiens

256 740 498 770 Cherrhonesum
519 751 536 769 a
559 751 591 769 se
615 741 853 770 Atheniensibus
876 751 922 770 re·

257 783 450 813 stituendam.
468 785 541 818 670,
558 785 609 814 23.
626 788 688 812 erat
705 783 846 813 inimicus
863 784 922 813 Co-

256 830 326 865 tyos
351 831 381 855 et
404 826 581 865 Iphicratis.
601 829 674 862 672,
704 831 734 856 1.
757 827 923 865 imperator

255 880 324 898 cum
342 869 439 899 classe
456 871 605 899 adversus
622 872 721 908 Cotyn
739 869 869 899 mittitur
884 870 922 898 ad

258 912 504 942 Cherrhonesum
520 914 769 950 recuperandam.
785 914 860 947 674,
871 915 922 943 25.

255 965 324 984 cum
349 956 532 984 Charidemo
555 965 661 993 pacem
688 955 919 994 ignominiosam

255 998 339 1036 facit,
351 1008 439 1036 quam
457 999 496 1026 ob
509 1008 569 1027 rem
584 999 716 1036 quinque
734 998 854 1027 talentis
863 998 921 1028 fuit

252 1042 428 1076 mulctatus,
446 1046 476 1070 et
501 1041 602 1079 ipsum
626 1041 737 1080 capitis
755 1041 919 1071 discrimen

253 1094 334 1121 aegre
362 1083 480 1122 effugit.
506 1086 581 1119 676,
610 1085 639 1114 8.
672 1083 798 1119 Nescio,
823 1094 860 1113 an
881 1085 919 1114 ad

254 1137 321 1156 eum
343 1127 371 1156 hi
396 1138 515 1166 quoque
535 1127 597 1156 loci
623 1127 774 1158 referendi
798 1128 869 1164 sint,
886 1138 918 1167 p.

253 1172 329 1206 398,
347 1174 376 1201 2.
395 1170 444 1200 ubi
462 1175 657 1208 acceptorum
678 1181 833 1200 munerum
850 1181 919 1200 reus

253 1213 378 1250 dicitur,
389 1219 421 1243 et
436 1225 467 1253 p.
482 1216 578 1249 1228,
593 1216 622 1244 3.
638 1214 814 1244 ubidicitur
827 1215 919 1254 Apot-

253 1256 360 1286 lodoro
386 1257 526 1287 Pasionis
554 1262 667 1296 praesto
690 1257 788 1287 fuisse
817 1257 846 1287 in
867 1258 918 1295 ju-

253 1299 347 1329 dicio.

211 1342 458 1382 Kephisodctus,
490 1344 632 1373 Boeotus.
665 1345 740 1379 927,
775 1346 826 1373 1⁶2.
862 1344 918 1373 sed

252 1386 346 1425 paulo
368 1391 438 1425 post
454 1386 534 1415 idem
559 1386 795 1425 Kephisodorus
812 1388 917 1426 appel-

253 1429 342 1465 latur,
356 1431 462 1459 eadem
477 1429 598 1468 pagiua,
613 1439 642 1460 v.
659 1432 710 1460 23.

210 1472 430 1512 Kephisophon
453 1472 668 1511 Kesiphontis,
696 1472 916 1508 Rhamnusius,

253 1521 359 1545 auctor
375 1520 439 1545 erat
454 1515 539 1555 pacis
555 1525 623 1544 cum
639 1516 784 1555 Philippo
797 1521 917 1545 contra-

251 1559 410 1595 hendae,et
420 1559 609 1597 rogationem
622 1558 806 1588 Philocratis
824 1569 918 1598 super

252 1612 288 1631 ea
309 1602 507 1632 secundabat.
533 1603 608 1637 232,
626 1604 676 1632 14.
701 1612 770 1631 cum
795 1602 916 1642 legatis,

251 1645 317 1683 ipso
333 1651 469 1685 quartus,
483 1646 519 1675 ad
538 1645 716 1684 Philippum
728 1645 840 1675 missus
857 1650 916 1680 est,

251 1690 318 1727 ejus
337 1694 524 1718 sacramento
548 1688 692 1726 adigendi
716 1699 817 1718 causa.
841 1691 917 1724 235,

251 1734 304 1762 18.
326 1733 519 1771 subscriptor
539 1732 644 1761 aderat
662 1732 816 1768 AEschini,
833 1732 914 1761 diem

252 1775 448 1815 ctesiphonti
463 1774 590 1805 dicenti.
607 1777 682 1811 244,
698 1778 728 1805 4.

209 1818 432 1857 Kephisophon
476 1817 679 1858 Kephalonis,
716 1818 914 1858 Aphidnaeus.

253 1863 348 1897 1107,
364 1864 394 1892 8.

209 1904 430 1944 Kephisophon
447 1903 582 1939 Cleonis,
598 1903 827 1943 Anaphlystius‚
845 1915 913 1934 cum

249 1947 370 1987 legatis,
408 1948 476 1986 ipse
511 1947 632 1983 tertius,
663 1947 701 1976 ad
737 1947 914 1986 Philippum

250 1991 363 2020 missus
374 1996 422 2021 est
430 1990 553 2021 navium
564 1990 794 2029 repetendarum
807 1991 913 2030 gratia.

250 2035 324 2069 250,
342 2035 393 2064 15.

207 2076 442 2117 Kephisophon,
463 2076 569 2107 nescio
589 2076 653 2116 qui,
675 2076 818 2106 mercede
841 2087 913 2106 con-

248 2120 335 2150 ducit
351 2121 536 2159 Stephanum
550 2120 589 2149 ad
605 2121 806 2150 accusandum
818 2120 913 2160 Apol-

249 2163 400 2193 todorum.
416 2166 511 2199 1:348,
529 2165 580 2194 19.

207 2206 374 2242 Kerkidas,
387 2207 497 2241 Arcas,
513 2205 663 2245 proditor.
679 2207 755 2243 324,
769 2207 799 2237 9.

206 2250 326 2286 Kerdo,
341 2260 458 2280 servus.
478 2252 572 2285 1252,
590 2251 641 2279 28.

206 2293 378 2332 Kcrybion,
394 2291 535 2333 Knvaa'cuv.
550 2304 578 2321 v.
597 2291 771 2334 Kyrebion.

205 2336 442 2376 Kersobleptes,
451 2336 574 2376 regulus
583 2335 738 2370 Thracica„
744 2334 909 2374 foederatus

249 2379 492 2415 Atheniensium,
518 2379 554 2419 [a
582 2378 732 2417 Philippo
756 2377 909 2408 coercitus

248 2422 374 2461 Olymp.
393 2424 464 2453 109.
483 2422 610 2452 Diodor.
626 2421 686 2451 Sic.
701 2423 792 2461 3114).
809 2421 910 2461 137.].

248 2468 322 2500 133,
344 2467 394 2496 19.
420 2467 494 2500 160,
515 2468 567 2495 20.
587 2465 624 2494 ab
649 2464 760 2498 Athen.
784 2463 908 2493 civitate

247 2509 388 2538 donatus.
406 2509 481 2538 ibid.
500 2507 650 2537 successit
665 2507 745 2546 patri
769 2506 861 2545 Cotyi
878 2507 908 2535 in

246 2562 339 2591 regno
354 2551 502 2581 Thraciae.
519 2553 593 2585 6⁶23,
609 2553 661 2580 18.
676 2550 809 2580 κηδεστὴν
820 2554 848 2579 et
861 2553 908 2578 tu-

245 2599 342 2624 torem
353 2594 459 2626 habuit
468 2594 679 2628 Charidemum
693 2593 820 2622 Oritam.
832 2591 906 2622 ibid.

246 2638 380 2668 donabat
406 2637 641 2667 Atheniensibus
671 2636 907 2670 Chersonesum,

246 2681 301 2710 sed
325 2685 389 2710 tum
410 2681 543 2715 demum,
561 2689 651 2718 quum
675 2679 792 2708 diutius
814 2678 906 2707 dene-

244 2734 316 2762 gare
332 2734 391 2753 non
415 2730 534 2763 posset.
550 2725 624 2758 656,
642 2725 694 2752 11.
710 2733 739 2751 v.
763 2721 905 2752 Charide-

244 2776 319 2802 mus,
336 2772 367 2796 et
384 2766 537 2802 Chabrias,
554 2772 585 2796 et
602 2764 719 2795 Chares.

203 2809 362 2845 Chabrias,
375 2811 439 2839 dux
452 2810 563 2839 Athen.
576 2809 604 2838 in
617 2809 698 2838 bello
710 2805 905 2837 Corinthiaco

245 2852 385 2893 (Olymp.
398 2852 508 2891 96‚4).
521 2855 576 2887 46,
586 2854 637 2882 21.
651 2851 680 2881 in
691 2851 798 2890 proelio
807 2848 905 2880 navali

245 2895 327 2934 apud
353 2896 473 2926 Naxum
496 2896 608 2930 Pollin,
623 2894 730 2924 classis
746 2895 905 2933 Spartanae

245 2938 469 2978 imperatorem,
480 2938 564 2975 vicit,
579 2937 728 2978 marisque
740 2936 902 2976 imperium

665 113 859 155 INDEX
896 113 1259 156 HISTORICUS

1005 221 1249 251 Lacedaemoniis
1272 227 1422 259 ereptum,
1446 222 1552 262 patriae
1577 222 1666 252 resti·

1001 265 1069 293 tuit.
1084 267 1153 299 17⁰2,
1165 267 1215 294 27.
1228 266 1303 299 480,
1318 265 1348 294 6.
1362 266 1436 299 686,
1452 266 1503 295 23.
1521 265 1662 305 (Olymp.

1005 312 1075 342 100,
1094 309 1142 343 4.)
1165 308 1322 346 expeditio
1345 310 1411 345 ejus
1431 308 1460 336 in
1484 308 1663 347 AEgyptum.

1000 353 1072 384 4:353.
1090 354 1140 380 221.
1158 361 1206 380 res
1219 352 1257 379 ab
1274 360 1310 380 eo
1327 350 1469 389 praeclare
1486 356 1581 388 gesta:
1595 351 1664 381 bre-

1001 395 1080 423 viter
1095 399 1280 423 enarrantur.
1297 396 1372 429 479,
1390 397 1439 424 22.
1457 404 1503 432 sq.
1515 397 1664 432 quotquot

1001 437 1047 465 usi
1076 438 1158 466 sucre
1183 437 1387 466 Athenienses
1418 437 1666 475 imperatoribus,

1001 480 1131 509 omnium
1170 480 1219 509 hic
1257 481 1341 509 solus
1375 491 1472 519 neque
1507 479 1663 509 civitatem

1001 523 1103 556 ullam,
1134 534 1229 562 neque
1258 533 1375 558 navem,
1406 533 1504 562 neque
1534 523 1662 552 militem

999 566 1114 601 amisit,
1141 577 1238 606 neque
1271 566 1388 605 copiam
1420 567 1495 596 t'ecit
1525 566 1664 595 hostibus

1000 609 1106 648 tropaei
1128 609 1166 638 ‹le
1184 620 1216 638 se
1233 610 1354 645 figendi.
1374 612 1446 640 430.
1467 612 1516 640 16.
1531 609 1665 638 decessit

1001 652 1029 681 in
1056 652 1216 681 obsidione
1240 653 1320 682 Chii.
1346 656 1421 689 481,
1448 655 1499 682 24.
1521 652 1664 692 (Olymp.

1002 696 1074 729 105,
1090 697 1138 734 S.)
1156 696 1283 725 honores
1297 697 1323 725 ei
1341 707 1356 724 a
1374 697 1409 726 Ρ.
1429 697 1466 724 Α.
1483 696 1623 725 decretos
1635 696 1662 725 ei

999 739 1119 777 eripere
1150 739 1318 768 Leodamns
1351 739 1552 778 nequicquam
1579 738 1665 768 labo-

999 782 1089 811 ravit.
1111 783 1186 816 501,
1204 793 1273 822 pen.
1298 793 1419 811 causam
1437 781 1550 820 capitis
1570 791 1664 820 super

999 825 1104 863 Oropo
1126 825 1236 854 amissa
1258 825 1420 855 dicendam
1444 825 1559 854 habuit.
1586 827 1662 859 5:35,

1000 870 1052 896 10.
1068 868 1104 896 ad
1120 867 1233 897 bellum
1244 878 1310 897 cum
1327 868 1531 907 Kersoblepta
1543 873 1572 896 et
1583 868 1662 898 Cha-

999 910 1117 939 ridemo
1143 921 1236 949 super
1258 911 1471 940 Chcrrhoneso
1495 911 1661 950 gerendum

997 953 1120 988 missus,
1137 963 1154 983 a
1170 953 1268 992 copiis
1285 954 1463 987 destitutus,
1478 960 1604 984 coactus
1614 960 1662 984 est

996 996 1064 1034 paci
1094 996 1304 1032 ignominiosa:
1331 997 1544 1034 subscribere3
1572 1007 1660 1036 quam

995 1039 1191 1077 repudiantes
1214 1040 1428 1076 Athenienses,
1444 1039 1584 1069 Chabriae
1605 1040 1661 1070 im-

996 1082 1113 1121 perium
1128 1084 1322 1122 abrogabant.
1339 1086 1414 1122 677,
1433 1085 1483 1114 16.

954 1125 1101 1155 Chabrias
1128 1126 1314 1156 AExonensis
1342 1127 1418 1156 vicit
1445 1127 1558 1165 Pythia
1583 1137 1658 1165 qna-

996 1169 1105 1207 drigis.
1145 1170 1289 1199 archonte
1323 1170 1482 1200 Socratitlc
1517 1170 1660 1211 (Olymp.

998 1214 1071 1248 101,
1085 1212 1143 1249 3.).
1159 1215 1253 1248 1356,
1269 1217 1299 1243 4.

954 1255 1171 1285 Chaeredemus
1187 1255 1355 1291 rogationis
1375 1260 1481 1285 auctor
1498 1256 1541 1290 sn,
1563 1260 1597 1286 ut
1611 1265 1659 1285 ar-

995 1303 1145 1329 mamenta
1161 1299 1279 1328 navalia
1301 1300 1376 1337 reip.
1399 1300 1548 1329 debentes
1568 1310 1659 1337 eoge-

994 1347 1098 1371 rentur
1122 1352 1157 1371 ea
1181 1342 1244 1371 sine
1270 1352 1354 1371 mora
1377 1348 1535 1381 praestare,
1558 1343 1659 1371 subita

995 1390 1121 1422 urgente
1137 1385 1323 1415 necessitate
1340 1385 1470 1415 classem
1492 1385 1659 1416 emittendi.

996 1430 1091 1463 1145,
1106 1431 1136 1459 8.

950 1470 1157 1505 Chaeretimus,
1167 1470 1366 1501 Chaerimeuis
1378 1471 1469 1507 fitius,
1480 1471 1658 1501 Pitthensis.

994 1514 1083 1544 homo
1107 1515 1205 1544 malus
1228 1520 1260 1544 et
1284 1514 1363 1545 male
1389 1515 1537 1544 famosus.
1562 1516 1657 1551 1266,

994 1559 1046 1586 20.

951 1599 1095 1636 Chaemn,
1108 1601 1258 1639 palaestrae
1268 1599 1423 1638 magister,
1436 1600 1474 1629 ab
1485 1600 1658 1630 Alexandro

995 1644 1039 1673 M.
1071 1649 1219 1683 tyrannus
1242 1644 1405 1681 impositus
1431 1648 1479 1673 est
1513 1643 1659 1679 Pelleuae,

995 1688 1061 1717 urbi
1074 1687 1208 1717 Achaiae.
1225 1689 1298 1723 ⁶214,
1316 1689 1369 1717 20.

953 1729 1138 1761 Chaerondas
1156 1729 1203 1770 [v.
1223 1731 1343 1760 Corsin.
1361 1731 1393 1759 F.
1415 1730 1452 1759 A.
1469 1729 1496 1759 Ι.
1514 1740 1544 1768 p.
1565 1730 1657 1771 359]

994 1774 1114 1804 Archon
1132 1778 1195 1803 tum
1212 1779 1287 1809 erat,
1301 1783 1392 1813 quum
1406 1773 1569 1802 AEschines
1584 1773 1656 1803 Cte-

993 1816 1127 1856 siphonti
1144 1817 1225 1846 diem
1243 1817 1370 1852 diceret,
1388 1827 1481 1855 super
1498 1817 1655 1854 rogatione

993 1870 1113 1889 coronae
1124 1870 1224 1889 aureae
1236 1859 1434 1889 Demostheni
1447 1859 1656 1889 decernenda?-

992 1905 1068 1939 943,
1094 1905 1145 1932 10.
1171 1903 1251 1932 idem
1276 1909 1334 1938 est,
1363 1902 1414 1940 qui
1438 1912 1469 1940 p.
1499 1903 1574 1938 2553,
1603 1904 1654 1932 12.

992 1946 1202 1986 Οὴαζτοιιὶἀεε,
1218 1945 1406 1984 Hegemonis
1416 1944 1508 1978 tilius.
1519 1945 1654 1984 appella-

991 1993 1053 2028 tur,
1069 1994 1100 2019 et
1115 1994 1178 2019 tum
1194 1989 1287 2018 fuisse
1304 1988 1419 2018 dicitur
1434 1988 1567 2025 Archon,
1584 1998 1652 2017 cum

989 2032 1185 2062 Aristonicus
1208 2031 1408 2062 Demostheni
1424 2041 1566 2067 coronam
1582 2031 1653 2060 item

990 2081 1111 2115 rogaret
1120 2085 1252 2109 auream.
1267 2080 1343 2105 teste
1357 2075 1519 2110 Plutarcho
1530 2084 1563 2113 p.
1579 2076 1653 2106 199.

989 2119 1172 2158 fungebatur
1192 2119 1304 2148 honore
1320 2118 1421 2158 paullo
1437 2122 1505 2147 ante
1520 2127 1653 2156 pugnam

989 2162 1233 2199 Chaeronensem.
1279 2161 1425 2191 Schottus
1442 2170 1473 2199 p.
1491 2162 1542 2192 95.
1564 2160 1653 2199 ponit

989 2205 1118 2235 eundem
1137 2205 1239 2244 ipsum
1260 2214 1380 2240 annum,
1399 2214 1458 2244 quo
1474 2202 1528 2233 illa
1550 2213 1652 2243 pugna

988 2248 1130 2287 contigit.

944 2290 1147 2321 Chalkedonii
1173 2300 1268 2320 naves
1294 2290 1403 2320 Athen.
1438 2287 1651 2319 frumentarias

986 2344 1074 2364 suum
1089 2335 1119 2363 in
1136 2339 1256 2372 portum
1273 2332 1304 2363 vi
1316 2333 1539 2363 subducebant.
1557 2333 1650 2366 1207,

988 2379 1039 2407 26.
1056 2379 1152 2410 1211.
1169 2379 1221 2407 27.

944 2420 1167 2450 Chalkidenses
1190 2419 1221 2448 in
1248 2417 1434 2448 Macedonia
1457 2426 1524 2446 cum
1553 2416 1650 2455 Olyn-

987 2463 1060 2492 thiis
1083 2473 1172 2493 unam
1187 2462 1218 2492 iu
1239 2461 1396 2492 civitatem
1416 2459 1550 2489 coibant.
1573 2460 1649 2495 425,

942 2508 1057 2579 chelii-iis
1079 2547 1197 2589 injussu
1221 2546 1297 2586 reip.
1322 2546 1446 2575 Graecas
1468 2543 1505 2573 ad
1525 2544 1650 2574 Helles-

986 2597 1109 2632 pontum
1131 2592 1222 2620 urbes
1249 2589 1430 2627 occupabat,
1453 2591 1485 2617 et
1506 2587 1578 2616 inde
1601 2587 1649 2626 pi-

984 2635 1111 2664 raticam
1124 2632 1300 2663 exercebat.
1317 2634 1370 2668 26,
1388 2634 1439 2661 14.
1460 2640 1491 2659 v.
1513 2630 1648 2660 Toni-ell-

983 2681 1143 2707 accusatus
1154 2677 1191 2705 ab
1202 2674 1360 2709 AEschine,
1371 2672 1547 2704 defenditur
1557 2683 1575 2703 a
1585 2673 1647 2702 De·

982 2720 1150 2750 mosthene.
1173 2720 1249 2754 477,
1269 2719 1319 2748 18.
1341 2716 1446 2759 missis
1471 2715 1510 2744 ad
1533 2715 1646 2745 bellum

983 2762 1288 2796 Cherrhonesiacum,
1335 2758 1564 2798 Kersobleptcn
1615 2763 1648 2788 et

983 2806 1199 2836 Charidemum
1227 2805 1264 2834 ad
1294 2804 1437 2833 honestas
1464 2802 1550 2840 pacis
1573 2810 1648 2830 con-

981 2849 1115 2879 ditiones
1128 2848 1236 2887 adigit.
1254 2849 1328 2882 678,
1340 2850 1392 2878 12.
1408 2844 1516 2874 tributi
1531 2843 1646 2878 mentio

982 2892 1015 2922 fit
1031 2902 1062 2930 p.
1086 2893 1181 2926 1354,
1200 2892 1250 2921 15.
1266 2890 1349 2930 quod
1365 2889 1478 2919 Chares
1491 2886 1530 2916 ab
1544 2886 1645 2916 AEniis

981 2935 1095 2966 dicitur
1118 2934 1272 2973 exegisse.
1294 2933 1447 2967 laudatur,
1462 2933 1497 2960 ut
1519 2928 1568 2959 vir
1589 2938 1645 2968 po-
