1822 3187
205 102 291 144 310

237 217 284 245 sq.
300 208 366 236 tota
380 205 434 236 illa
449 204 597 237 oratione.

194 249 346 288 Hagnias,
371 248 475 279 nescio
501 248 568 290 qui,
593 250 792 282 trierarchus.
815 254 911 290 1219,

241 296 291 322 18.

198 335 424 374 Hagnuphilus.
441 336 536 370 1157,
557 338 608 366 13.

195 380 293 408 Halirn
304 379 439 413 nonnius,
452 379 587 417 Neptuni
600 379 689 414 lilius,
699 381 786 418 cnjus
800 380 838 410 de
849 390 908 410 cae-

237 423 274 450 ‹le
300 432 401 451 corani
433 423 652 460 Areopagitico
680 430 784 452 senatu
817 424 907 453 Marti

237 465 368 494 (licenda
385 465 441 494 t'uit
458 475 560 494 causa.
578 469 652 501 nil,
671 469 720 496 2²6.

192 507 356 537 Harmodii
385 514 425 537 et·
443 509 675 545 Aristogitonis,
703 508 907 546 tyrannicida-

235 560 314 585 rum,
330 552 446 589 posteri
465 552 614 580 immunes
633 558 728 585 erant,
752 557 905 581 verumta-

234 603 302 621 men
328 604 385 622 non
406 604 509 622 eorum
535 605 703 628 munerum,
721 595 832 632 quibus·
854 605 905 633 pa—

234 635 301 664 tria²
319 637 400 665 salus
417 636 633 665 contineretur.
649 640 723 671 46⁰2,
743 638 791 666 19.

194 679 350 717 Harpalus
375 679 652 717 Amphipolitarum
672 680 796 709 obsides
819 680 904 719 Iphi-

236 723 312 750 crati
330 722 430 751 tradit.
449 723 524 756 669,
543 725 593 752 10.

192 764 335 804 Harpali,
347 767 425 802 ejus,
439 765 488 803 qui
501 763 671 794 Alexandri
689 766 732 795 M.
744 766 904 795 thesauros

234 808 424 846 compilavit,
449 818 548 837 causa}
573 808 738 837 obnoxium
764 819 796 838 se
814 814 904 848 negat

234 860 303 880 esse
322 851 557 880 Demosthenes.
572 853 667 885 1470,
685 853 737 880 22.
752 862 798 890 sq.
830 852 904 881 Plu-

233 894 328 923 tarch.
345 893 370 932 ᾗ.
386 892 434 923 κε’.
451 894 596 922 schottus
613 905 642 932 p.
659 896 732 923 1⁶23.

189 936 348 975 Hedylus,
364 935 442 965 lilius
460 937 624 974 Pamphili.
643 939 738 972 1015,
757 938 806 966 18.

189 980 364 1014 Hegemon,
394 983 495 1008 orator
519 980 557 1007 de
590 980 722 1008 factione
754 979 901 1018 Philippi.

233 1023 308 1056 3⁶20,
324 1031 393 1060 pen.
420 1032 488 1051 eum
510 1032 527 1050 a
549 1032 581 1050 se
603 1022 814 1051 denuntiatum
833 1022 902 1051 Ari-

231 1065 519 1102 stogiton,nummis
529 1065 902 1103 placatus,dimisit.784‚

189 1149 388 1189 Hegesileus,
403 1149 517 1179 Eubuli
531 1154 690 1189 cognatus,
701 1150 752 1188 qui
769 1161 824 1189 pro
837 1150 901 1185 illo,

231 1194 270 1222 ob
286 1203 348 1222 rem
366 1192 395 1221 in
416 1194 531 1222 Euboea
553 1194 630 1222 male
652 1199 768 1232 gestam
790 1195 901 1232 capitis

230 1241 385 1271 accusato,
399 1236 504 1266 dicere
518 1236 624 1266 noluit.
637 1239 711 1272 434,
725 1238 775 1266 16.
794 1237 901 1276 copias

229 1280 342 1309 Athen.
359 1278 388 1307 in
402 1279 548 1309 Euboeam
559 1279 662 1315 duxit,
678 1290 752 1318 quas
763 1290 798 1309 eo
820 1281 900 1310 mitti

227 1327 332 1351 contra
357 1322 550 1352 Plutarchum
576 1327 734 1361 tyrannum
762 1324 900 1353 Eubulus

230 1370 380 1394 suaserat.
397 1364 493 1395 schol.
512 1365 589 1395 ibid.

186 1407 398 1447 Hegesippus,
415 1413 527 1444 orator,
546 1408 744 1439 Demostheni
761 1408 898 1448 aeqnalis,

229 1451 352 1490 quicum
365 1451 547 1490 legationem
564 1452 601 1481 ad
618 1452 797 1491 Philippum
811 1452 899 1488 obiit,

228 1494 487 1533 vehementerque
524 1495 648 1524 factioni
688 1494 898 1525 Macedonicae

227 1537 359 1567 obstitit.
374 1547 433 1576 quo
445 1538 555 1567 factum
567 1542 627 1573 est,
639 1542 672 1568 ut
682 1539 719 1568 ab
733 1548 770 1568 eo
785 1538 898 1578 scripta

227 1581 344 1610 feratur
368 1580 467 1610 oratio
493 1581 533 1610 de
558 1582 728 1611 Haloneso.
754 1581 807 1616 75,
825 1591 896 1620 pen.

227 1623 305 1652 obiit
320 1623 392 1652 item
410 1633 478 1652 cum
494 1625 584 1654 Dem.
600 1625 784 1664 legationem
802 1625 838 1653 ad
853 1624 896 1653 ci-

228 1666 340 1695 vitates
367 1666 659 1704 Peloponnesiacas,
684 1679 744 1706 quo
769 1677 820 1696 eas
844 1668 897 1696 ad-

227 1719 335 1738 versus
346 1709 521 1748 Philippum
535 1711 747 1740 accenderent.
758 1712 832 1744 129,
845 1712 895 1739 18.

228 1752 352 1781 forsitan
383 1752 462 1780 idem
491 1756 550 1787 est,
576 1754 664 1791 cujus
693 1755 781 1782 Dem.
813 1763 896 1791 saepe

225 1795 408 1824 intentionem
425 1795 497 1823 facit
509 1796 623 1833 p.364.
643 1795 759 1834 primus
776 1795 897 1825 dissua-

226 1837 267 1866 sit
293 1848 399 1876 pacem
423 1848 492 1866 cum
518 1837 676 1876 Philippo.
700 1837 795 1868 Schol.
819 1838 894 1868 ibid.

225 1884 287 1909 tam
314 1890 418 1918 parum
438 1886 583 1919 acceptus
602 1881 750 1918 Philippo
771 1881 840 1914 fuit,
864 1885 896 1910 ut

224 1933 280 1953 rex
306 1923 522 1958 Xenodidem,
546 1923 696 1961 hospitem
720 1924 797 1961 ejus,
812 1924 895 1959 ideo,

225 1966 306 2005 quod
324 1976 391 1995 enm
404 1967 587 2005 recepisset,
599 1966 781 1996 Macedonia
792 1967 894 2003 jusse-

225 2010 266 2039 rit
286 2010 450 2039 excedere.
472 2011 547 2044 447,
572 2011 601 2040 9.
625 2009 803 2048 cognomine
825 2020 895 2048 pro-

225 2054 316 2082 broso
335 2053 490 2091 Crobylus
503 2053 560 2082 fuit
580 2053 763 2092 appellatuS,
786 2057 820 2082 ut
842 2063 894 2082 au-

226 2102 292 2125 ctor
307 2101 356 2125 est
371 2096 526 2134 Harpocr.

181 2139 400 2177 Hegestratus,
417 2140 576 2168 nauclerus
602 2138 821 2174 Massiliensis,
839 2138 895 2168 mi-

224 2192 291 2210 sere
312 2181 405 2220 periit
427 2182 457 2210 in
483 2182 584 2217 undis,
609 2183 703 2221 culpa
720 2187 839 2211 suamet
863 2193 892 2221 p.

225 2227 299 2255 883.

182 2267 387 2301 Heliodorus,
402 2267 582 2298 Pitthensis.
599 2270 673 2303 9⁶27,
690 2270 743 2298 23.

183 2311 330 2345 Helixus‚
363 2310 550 2346 Corinthius,
585 2311 729 2350 Philippo
759 2311 894 2341 deditus.

225 2356 301 2390 3⁰24,
318 2355 368 2383 15.

181 2397 443 2431 Heracleodorus‚
457 2398 494 2426 ad
517 2407 606 2436 quem
630 2397 744 2436 scripta
765 2403 811 2427 est
829 2397 894 2437 epi-

224 2440 303 2470 stola
328 2441 367 2469 V.
386 2441 475 2470 Dem.
504 2451 535 2479 p.
556 2443 651 2471 1489.
677 2442 745 2470 fine.
773 2441 895 2471 videtur

223 2483 400 2513 causidicus
412 2483 523 2512 nobilis
535 2489 565 2512 et
576 2489 684 2522 potens
700 2484 807 2513 fuisse.
819 2484 894 2513 ibid.

223 2526 293 2555 sort.
314 2536 371 2555 non
389 2526 530 2560 Athenis,
540 2528 595 2556 sed
611 2532 662 2556 aut
678 2527 828 2562 Corinthi,
841 2532 894 2556 aut

223 2569 296 2598 alibi
315 2569 462 2597 locorum.

181 2611 359 2642 Heraclidae
375 2613 413 2640 ab
428 2611 666 2641 Atheniensibus
679 2611 797 2641 defensi
816 2617 846 2641 et
862 2611 891 2640 in

223 2655 320 2693 patris
343 2665 468 2692 regnum
494 2655 626 2684 restituti
651 2659 730 2683 sunt.
747 2656 820 2691 290,
840 2657 891 2685 23.

225 2700 303 2728 1:391
316 2720 321 2731 ,
336 2700 365 2727 8.

180 2740 365 2770 Heraclides
391 2741 583 2779 Byzantium,
615 2742 715 2779 ejecto
743 2741 891 2779 Spartano

223 2783 380 2821 praesidio,
403 2784 594 2823 Thrasybulo
617 2789 648 2814 et
671 2785 782 2814 Athen.
801 2784 893 2813 tradi-

224 2826 280 2854 dit.
298 2828 373 2859 475,
387 2828 418 2856 3.

181 2868 377 2903 Heraclides,
398 2869 519 2905 [Eniuffi
542 2880 600 2899 nna
624 2880 692 2899 cum
717 2870 809 2898 fratre
832 2870 893 2908 Py-

223 2912 323 2943 thone,
340 2912 452 2951 Cotyn,
464 2914 603 2943 Thraciae
621 2923 734 2953 regem,
750 2914 890 2951 peremit.

636 101 834 145 INDEX
866 102 1232 146 HISTORICUS

989 212 1176 247 quapropter
1200 209 1290 238 ambo
1313 208 1421 238 fratres
1443 219 1461 239 a
1476 209 1513 239 P.
1525 210 1567 240 A.
1579 209 1658 240 civi-

989 257 1051 281 tate
1068 252 1171 281 donati
1188 257 1268 282 sunt.
1285 253 1359 287 659,
1376 254 1426 282 ²27.

945 295 1141 329 Heraclides,
1156 296 1314 334 trapezita.
1332 297 1407 330 894,
1422 294 1474 325 15.
1491 297 1587 330 11⁷1,
1603 298 1634 327 1.

946 338 1120 372 Hermwus,
1136 339 1281 377 trapezita
1296 339 1326 368 in
1344 338 1469 377 AEginao
1481 339 1555 372 953,
1568 340 1620 369 19.

946 381 1168 418 Hermogenes.
1188 386 1198 403 ¹
1212 384 1280 415 157,
1300 386 1350 411 2²⁶2.

945 424 1092 458 Hermon,
1111 425 1293 462 gubernator
1304 423 1400 457 navis,
1415 432 1474 461 qua
1489 422 1657 460 Lysander,

987 467 1060 505 imp.
1078 469 1258 505 Spartanus,
1280 468 1454 501 vehebatur,
1475 465 1606 504 quicum
1619 475 1658 495 eo

985 510 1183 539 ducentarum
1197 511 1318 540 navium
1337 510 1466 538 classem
1487 508 1598 539 Athen.
1617 509 1655 539 ad

985 552 1230 591 AEgospotamos
1249 553 1342 591 cepit.
1360 554 1436 586 691,
1453 553 1484 582 5.

943 594 1134 624 Hermnnax.
1151 598 1224 629 5¹88,
1242 601 1272 626 4.

941 637 1142 676 Heropythes
1169 639 1279 667 archon
1296 643 1357 667 tum
1375 642 1450 671 erat,
1467 645 1557 675 quum
1580 635 1655 665 Phi-

984 681 1087 719 lippus
1117 681 1247 710 maroam
1270 686 1446 720 occuparet.
1473 682 1548 713 282,
1569 681 1601 708 7.
1625 683 1656 708 et

983 726 1032 753 25.
1065 724 1189 762 Olymp.
1219 725 1292 759 CX,
1320 727 1349 754 2.
1377 723 1496 753 Corsin.
1519 723 1552 751 F.
1570 722 1608 752 A.
1626 722 1652 751 Ι.

983 776 1014 804 p.
1027 768 1102 797 364.
1120 777 1165 805 sq.

941 809 1072 838 Hesiodi
1090 810 1174 838 locus
1194 810 1349 839 recitatur.
1367 810 1442 843 417,
1458 811 1488 839 2.

938 851 1057 881 Hierax
1075 857 1105 881 et
1121 853 1300 887 Stratocles,
1321 852 1412 890 legati
1430 850 1655 890 Amphipolita-

982 904 1047 923 rum
1064 895 1101 923 ad
1120 895 1241 930 Athen„
1258 895 1386 933 patriam
1404 904 1420 923 a
1438 894 1582 932 Philippo
1599 903 1654 922 ve-

983 943 1088 967 xatam
1109 937 1349 967 Atheniensibus
1366 937 1396 966 in
1419 936 1508 966 fidem
1528 937 1652 967 dabant.

984 981 1036 1009 sed
1055 980 1305 1019 repudiabantur.
1325 983 1376 1015 11,
1389 983 1441 1009 11.

939 1022 1161 1062 Hieronymus,
1178 1026 1284 1059 Arcas,
1303 1023 1539 1061 proditor.-324,
1553 1023 1583 1051 9.
1600 1021 1653 1051 ad-

982 1076 1089 1096 versus
1117 1077 1197 1101 eum,
1223 1066 1356 1105 Philippi
1381 1069 1486 1105 partes
1505 1068 1653 1100 tuentem,

979 1108 1061 1139 dixit
1090 1109 1253 1139 AEschines
1290 1110 1329 1139 ad
1363 1107 1653 1148 Megalopolitanos.

980 1153 1056 1186 344,
1075 1156 1126 1182 14.

937 1193 1148 1233 Hipparchus,
1187 1195 1306 1226 histrio.
1345 1196 1442 1232 1353,
1473 1195 1525 1225 15.
1569 1191 1652 1223 tribu

980 1237 1207 1268 Athmonensis.
1226 1240 1323 1273 1354,
1339 1240 1368 1268 6.

937 1280 1136 1319 Hipparchus
1158 1292 1226 1311 cum
1245 1283 1367 1312 duobus
1384 1280 1452 1310 aliis
1469 1289 1487 1309 a
1503 1278 1651 1318 Philippo

979 1324 1108 1354 Eretriae
1133 1329 1279 1364 tyrannus
1304 1324 1482 1363 imponitur.
1504 1325 1578 1358 125,
1598 1324 1652 1352 27.

977 1368 1053 1402 324,
1069 1370 1120 1398 16.

935 1408 1079 1449 Hippias,
1109 1410 1286 1447 Timoxeni,
1315 1408 1544 1449 Thymoetades.
1575 1408 1651 1443 934,

981 1463 1052 1491 pen.

934 1494 1083 1534 Hippias,
1126 1495 1309 1536 Athenippi,
1353 1492 1649 1526 Halicarnassensis.

978 1540 1053 1574 9⁶29,
1070 1540 1121 1569 18.
1140 1540 1215 1575 934,
1227 1540 1260 1568 4.

934 1581 1078 1621 Hippias,
1095 1592 1212 1621 coquus
1229 1579 1372 1611 Charisii.
1389 1580 1484 1615 1351,
1500 1580 1532 1610 5.

933 1625 1155 1663 Hippocrates,
1177 1631 1291 1659 orator,
1308 1624 1495 1662 rogationem
1517 1621 1587 1651 tulit
1609 1621 1648 1651 de

977 1668 1199 1698 Plataeensibus
1215 1667 1341 1697 civitate
1359 1666 1463 1696 Attica
1486 1664 1648 1699 donandis,

975 1721 1042 1740 cnm
1067 1712 1166 1750 patria
1181 1721 1235 1740 sua
1260 1720 1277 1738 a
1303 1708 1541 1740 Lacedaemoniis
1557 1707 1649 1746 ejecti

975 1758 1088 1782 essent.
1114 1755 1203 1792 cujus
1219 1752 1389 1792 rogationis
1406 1751 1535 1781 formula
1556 1751 1645 1780 habe—

974 1800 1024 1825 tur
1038 1806 1071 1834 p.
1085 1798 1182 1830 1380,
1198 1798 1251 1827 22.

931 1838 1104 1877 Hipponici
1117 1849 1202 1876 gens,
1216 1837 1296 1868 unde
1310 1837 1366 1866 fuit
1377 1835 1566 1872 Alcibiades,
1582 1846 1646 1866 me·

975 1881 1041 1910 ritis
1058 1881 1087 1911 in
1107 1892 1204 1920 remp.
1221 1880 1373 1909 inclaruit.
1389 1881 1464 1915 561,
1478 1881 1530 1909 20.

930 1923 1129 1963 Hipponicus
1146 1935 1162 1953 a
1181 1923 1326 1961 Philippo
1343 1922 1454 1951 missus
1474 1932 1542 1950 cum
1560 1921 1645 1950 mille

973 1966 1167 1997 mercenariis
1193 1966 1344 1996 Eretriam
1369 1964 1547 2003 occupavit.
1570 1966 1645 2000 125,

930 2052 1146 2091 Hippothoon,
1169 2061 1338 2092 eponymus
1362 2049 1647 2089 Hippotboontida-

972 2106 1049 2125 rum.
1063 2097 1158 2131 1398,
1176 2097 1227 2125 27.

930 2138 1059 2168 Homeri
1076 2139 1136 2168 loci
1150 2138 1326 2167 recitantur.
1336 2138 1432 2172 1398,
1446 2138 1495 2166 10.
1509 2137 1604 2170 1409,
1613 2137 1644 2165 2.

929 2181 1160 2220 Hyakintbides
1176 2192 1193 2211 a
1208 2186 1293 2220 patre
1317 2180 1489 2211 Erechtheo
1513 2189 1567 2217 pro
1591 2188 1645 2217 pa·

971 2225 1039 2254 triae
1063 2226 1161 2255 salute
1181 2225 1241 2254 diis
1261 2229 1331 2254 sunt
1352 2222 1524 2253 inimolatae.
1547 2223 1644 2257 1397,

929 2310 1113 2350 Hyblesius‚
1142 2308 1361 2344 navicularius,
1395 2306 1550 2337 mercibus
1589 2316 1643 2347 per

970 2364 1052 2383 mare
1066 2353 1187 2383 aliunde
1204 2353 1264 2382 alio
1281 2351 1526 2382 transvectandis
1542 2349 1573 2379 in
1589 2359 1641 2379 na-

972 2397 1063 2426 vibus
1092 2396 1156 2426 suis
1182 2401 1331 2436 quaestum
1361 2394 1484 2424 faciens.
1510 2394 1586 2429 926,
1611 2394 1642 2422 8.

972 2441 1046 2475 934,
1062 2442 1112 2470 15.

929 2483 1120 2522 Hyperides,
1145 2480 1288 2511 Cleandri
1310 2479 1402 2514 tilius,
1425 2478 1594 2516 Sphettius,
1608 2476 1641 2507 in

969 2526 1069 2555 locum
1086 2525 1255 2558 AEschinis,
1269 2522 1388 2562 rejecti,
1407 2532 1423 2550 a
1442 2521 1478 2550 Ρ.
1496 2522 1534 2550 Α.
1554 2521 1640 2550 dele-

970 2574 1051 2602 ctus,
1075 2569 1126 2606 qui
1143 2577 1264 2596 causam
1289 2565 1395 2604 templi
1421 2563 1565 2602 Delphici
1585 2573 1640 2603 pro

971 2611 1085 2649 populo
1102 2611 1230 2639 diceret.
1242 2612 1318 2644 271,
1334 2619 1402 2647 pen.
1426 2607 1482 2637 suit
1500 2617 1558 2636 una
1571 2617 1640 2636 cum

972 2654 1178 2683 Demosthene
1201 2653 1321 2690 legatus
1338 2652 1373 2680 ad
1395 2650 1568 2684 Thebanos,
1584 2650 1641 2679 foe-

969 2697 1052 2726 deris
1071 2706 1144 2734 ergo
1157 2706 1225 2725 cum
1242 2695 1281 2725 iis
1298 2695 1446 2724 adversus
1463 2692 1639 2732 Philippum

969 2739 1180 2769 contrahendi.
1195 2740 1269 2773 291,
1285 2741 1314 2768 6.
1339 2736 1469 2767 dictavit
1488 2735 1570 2765 illam
1590 2745 1640 2765 ro-

969 2783 1135 2821 gationem,
1160 2792 1249 2821 quam
1273 2780 1345 2810 tulit
1373 2778 1578 2812 Aristonicus,
1600 2778 1639 2807 de

969 2836 1079 2855 corona
1105 2835 1196 2855 aurea
1217 2823 1417 2854 Demostheni
1434 2821 1543 2852 danda.
1564 2822 1640 2855 302,

969 2871 1020 2899 ⁶26.
1062 2869 1265 2898 Philocratem
1293 2865 1458 2896 accusavit.
1485 2866 1560 2898 376,
1586 2865 1639 2893 17.

969 2917 1039 2951 post
1054 2922 1187 2951 pugnam
1204 2911 1241 2940 ad
1257 2910 1452 2940 Chaeroneam
1469 2911 1576 2937 auctor
1588 2906 1638 2936 fie-
