1822 3187
539 151 604 194 IN
634 149 1117 195 DEMOSTHENEM.
1457 149 1540 197 319

154 256 211 286 bus
235 256 464 296 Lampsacenis,
486 257 689 298 Thersagora,
718 263 809 298 atque

153 299 322 330 Exekesto.
346 300 421 330 ibid.
442 311 512 340 pen.
536 302 683 331 acerrimo
704 312 808 341 perse-

154 344 302 380 quebatur
317 343 387 372 odio
399 344 610 374 Athenienses.
626 347 701 384 688,
716 347 745 374 1.

111 384 302 419 Philistides,
329 386 401 415 Orei
426 387 456 415 in
481 387 598 416 Euboea
621 393 768 426 tyrannus
792 398 810 417 a

155 428 300 467 Philippo
313 429 506 458 constitutus.
517 432 590 464 119,
603 432 654 459 22.
672 432 744 465 126,
759 433 810 460 11.

154 473 227 506 248,
241 474 290 500 15.
306 481 362 510 per
374 472 598 510 expeditionem
611 477 734 502 auctore
748 474 810 502 De-

152 514 308 544 mosthene
323 515 352 543 in
368 515 513 544 Euhoeam
529 519 699 553 susceptam
716 516 810 545 Athe-

151 557 273 587 nienses
295 557 475 586 Philistiden
495 559 660 596 ejecerunt,
683 559 809 596 ejusque

151 599 283 639 legatos,
305 599 410 629 hostes
430 600 506 639 reip.
530 600 714 636 declaratos,
736 602 810 631 urbe

153 643 305 672 excedere
338 644 506 681 jusserunt,
541 653 617 681 quos
647 643 810 674 AEschines

153 685 235 715 domi
254 695 315 715 suae
329 685 454 722 recepit.
471 687 542 720 252,
561 688 611 715 17.
627 691 657 715 et
673 689 725 716 23.

111 729 211 763 Philo,
221 729 395 762 Thebanus,
411 727 498 768 cujus
515 729 551 757 ad
568 728 745 767 Philippum
758 739 810 758 no-

153 771 222 801 bilis
235 776 324 809 atque
339 770 542 800 memorabilis
557 771 687 801 refertur
703 771 809 801 oratio.

152 816 226 848 384,
241 815 291 843 16.

111 857 213 891 Philo,
229 866 318 886 socer
333 855 500 892 AEschinis‚
516 856 605 885 homo
622 856 722 887 dives.
734 859 810 893 329,

153 902 204 929 15.

111 942 322 977 Philochares,
344 942 437 971 frater
459 940 626 971 AEschinis.
646 944 721 978 414,
741 952 811 981 pen.

153 985 255 1024 pictor
282 985 351 1020 fuit,
380 984 407 1014 si
439 984 638 1014 Demostheni
665 986 811 1022 creditur,

154 1029 404 1062 contemnendus,
418 1028 443 1056 si
467 1027 640 1061 Scholiasta
656 1028 759 1067 Apelli
781 1032 811 1058 et

154 1071 286 1100 Zeuxidi
303 1069 525 1109 comparabilis.
541 1072 615 1105 415,
631 1072 661 1101 3.

109 1114 273 1149 Philocles,
285 1113 331 1142 vir
342 1113 509 1152 popularis,
522 1118 563 1148 et,
572 1118 604 1142 ut
613 1113 746 1149 videtur,
757 1123 812 1143 ex·

152 1157 214 1186 silii
229 1166 353 1186 consors
370 1156 578 1186 Demostheni.
597 1158 693 1192 1482,
710 1158 739 1185 8.

110 1200 313 1234 Philocrates,
333 1198 519 1233 Eleusinius,
544 1199 595 1228 ille
620 1203 666 1228 tot
689 1198 775 1228 tetris
796 1209 813 1228 a

154 1242 361 1273 Demosthene
391 1242 581 1281 stigmatibus
611 1247 753 1280 perustus
783 1246 813 1271 et

155 1287 326 1320 confossus,
342 1285 528 1324 rogationem
546 1283 626 1319 tulit,
643 1288 676 1314 ut
692 1284 811 1322 Philip-

154 1339 195 1368 po
220 1339 278 1358 una
301 1337 368 1356 cum
384 1327 562 1366 Amphipoli
585 1336 648 1365 pax
664 1328 812 1356 concede-

154 1376 249 1402 retur.
271 1373 323 1406 82,
342 1372 393 1400 22.
416 1372 468 1405 83,
486 1373 516 1400 2.
537 1375 643 1399 auctor
666 1370 811 1399 orationis

155 1414 193 1444 de
218 1414 377 1444 Haloneso
405 1414 525 1444 modum
555 1412 700 1452 proponit
728 1412 811 1442 illius

154 1457 240 1497 pacis
267 1455 463 1495 corrigendae.
494 1458 547 1491 76,
574 1467 619 1494 sq.
654 1455 811 1485 colludens

155 1511 224 1530 cum
238 1499 393 1535 AEschine,
409 1498 577 1529 commodis
598 1498 733 1537 Philippi
750 1504 811 1528 stu-

157 1543 235 1573 duit.
257 1545 331 1578 230,
350 1543 402 1573 23.
418 1544 491 1577 343,
514 1544 565 1571 20.
589 1546 620 1571 et
645 1541 811 1580 saepissime

155 1586 291 1615 locorum
309 1596 362 1625 per
382 1585 463 1615 illam
488 1589 582 1614 totam
604 1585 641 1614 de
663 1584 812 1622 flagitiose

157 1633 244 1668 gesta
257 1634 288 1658 et
301 1638 460 1668 perperam
473 1628 568 1657 relata
583 1627 732 1665 legatione
746 1636 813 1656 ora-

155 1672 277 1701 tionem.
301 1671 337 1700 ad
362 1681 467 1710 pacem
491 1681 559 1700 cum
584 1670 728 1709 Philippo
744 1679 813 1699 con-

157 1714 343 1748 trahendam,
372 1714 535 1744 secundum
571 1712 812 1748 Aristodemum,

155 1758 286 1797 primum
312 1761 477 1791 auctorem,
502 1756 692 1785 Philocrates
718 1755 813 1795 inpri-

155 1801 215 1830 mis
238 1801 373 1830 hortatus
390 1805 447 1830 est.
464 1802 536 1834 232,
553 1801 605 1829 10.
627 1799 685 1828 fnit
706 1798 736 1827 in
761 1799 813 1828 ad-

156 1843 301 1874 versariis
311 1843 509 1872 Demostheni
518 1841 813 1877 infestissimis.310‚

157 1890 209 1917 10.
232 1886 284 1925 qui
299 1896 367 1915 enm
383 1886 532 1925 impurum
547 1889 578 1914 et
591 1885 736 1915 audacem
761 1895 814 1924 ap-

155 1929 261 1969 pellat.
270 1931 345 1963 345,
358 1931 388 1958 1.
412 1934 442 1958 et
455 1928 590 1966 dignum,
603 1928 654 1967 qui
667 1937 814 1967 conspua-

157 1978 219 2008 tur,
231 1973 279 2002 vel
291 1973 465 2010 despuatur.
476 1971 549 2001 ibid.
563 1973 614 2002 23.
632 1971 814 2000 Demosthe-

157 2025 226 2045 nem
241 2015 280 2045 de
302 2025 387 2053 aquae
411 2019 487 2053 potu
508 2014 639 2049 deridet,
656 2024 688 2043 se
708 2014 814 2052 jactat,

159 2058 277 2096 sibique
291 2057 409 2097 plaudit
420 2057 522 2086 vinum
537 2057 664 2095 potanti.
675 2057 750 2093 355,
762 2059 814 2087 23.

157 2101 188 2130 in
211 2101 368 2130 formulam
393 2100 479 2138 pacis
497 2110 566 2128 cum
582 2099 728 2137 Philippo
744 2110 815 2129 con-

157 2149 273 2179 tractae,
285 2143 361 2172 clam
375 2147 481 2182 sponte
498 2152 563 2178 sua,
577 2142 674 2172 inscio
689 2143 816 2181 populo,

158 2192 190 2216 et
203 2187 319 2225 injussu
336 2187 413 2225 ejus,
435 2185 599 2215 clausulam
621 2191 741 2223 turpem
763 2196 815 2224 pa-

160 2229 235 2259 riter
260 2233 351 2267 atque
376 2228 497 2258 noxiam
523 2228 646 2266 ingerit.
669 2229 743 2264 356,
764 2229 815 2259 15.

159 2272 228 2312 ipse
254 2272 388 2310 jactabat
419 2282 485 2310 quae
515 2281 532 2300 a
562 2270 708 2310 Philippo
738 2271 817 2301 dona

160 2315 344 2354 accepisset.
375 2316 450 2349 377,
489 2316 542 2343 18.
586 2314 815 2344 Atheniensium

159 2358 292 2389 omnium
302 2356 670 2396 diciturssagitiosissimns
678 2362 708 2386 et
717 2357 815 2396 impu-

159 2399 367 2431 dentissimus.
379 2401 453 2435 405,
470 2404 519 2430 14.
536 2402 610 2435 783,
625 2402 677 2430 21.
700 2404 815 2439 partem

158 2442 370 2483 Olynthiorum
384 2442 463 2472 bello
474 2447 628 2481 captorum
642 2453 659 2473 a
671 2443 816 2482 Philippo

161 2488 241 2517 dono
255 2485 335 2516 tulit.
350 2488 425 2521 440,
441 2487 472 2517 5.
484 2496 530 2525 sq.

117 2530 286 2563 Philolaus,
298 2529 512 2558 Rhamnusius.
527 2530 622 2564 1047,
638 2529 690 2558 18.

115 2572 322 2607 Philomacha,
337 2571 374 2600 al.
386 2572 598 2610 Phylomacha,
611 2571 671 2600 filia
686 2570 816 2610 Hagniae

161 2615 298 2650 OEensis,
312 2624 389 2643 uxor
406 2615 548 2654 Philagri.
564 2616 658 2649 1056,
671 2614 722 2644 25.

118 2657 316 2688 Philomacha
341 2657 455 2695 junior,
480 2657 568 2686 istius
594 2667 635 2686 ex
662 2655 816 2686 Eubulide

162 2700 274 2738 neptis,
294 2709 372 2728 uxor
394 2700 538 2735 Sosithei,
560 2699 688 2739 junioris
713 2700 817 2729 Eubu-

160 2743 235 2772 lidis
249 2746 356 2772 mater.
373 2743 465 2776 1058,
479 2745 531 2773 26.

118 2785 301 2820 Philomela,
317 2784 482 2813 Pandionis
497 2784 566 2814 filia.
586 2787 680 2820 1397,
693 2795 763 2824 pen.

119 2827 322 2861 Philomelus,
347 2827 538 2862 Paeaniensis.
565 2829 651 2864 cujus
675 2827 705 2856 in
729 2837 818 2866 equo,

159 2875 266 2901 mutuo
281 2874 392 2904 sumto,
408 2869 530 2905 Midias,
547 2870 722 2908 magistrum
738 2869 818 2899 mili-

160 2913 212 2942 tiae
236 2912 386 2951 equestris
409 2922 515 2952 agens,
539 2912 569 2942 in
592 2912 712 2952 pompis
729 2913 819 2943 vehe-

158 2957 257 2986 batur.
271 2955 346 2991 571,
361 2956 391 2986 4.

841 258 1030 294 Pfflonicus,
1052 257 1167 289 Eubuli
1189 265 1288 288 causae
1310 255 1489 297 implicitus,
1502 256 1542 286 ab

883 301 1102 340 Aristophontes
1117 305 1286 330 accusatur.
1301 302 1376 337 434,
1390 302 1444 332 21.

841 344 1034 378 Philonides,
1051 342 1232 373 Melitensis
1245 345 1319 379 831,
1332 345 1362 373 8.

842 387 1019 422 Pbilondas,
1034 385 1237 425 Megarensis,
1253 386 1377 415 Athenis
1391 384 1541 420 habitans,

884 435 918 459 ut
936 429 1111 469 inquilinus.
1126 430 1221 463 1191,
1237 428 1289 459 27.

842 473 1054 508 Philostratus,
1066 476 1178 507 orator,
1195 471 1319 511 adoptat
1332 470 1544 509 Phaenippum.

886 518 980 552 1045,
995 518 1045 546 15.

842 559 1054 593 Philostratus,
1075 555 1220 596 Dionysii
1244 553 1545 590 filiuS,Colonensis,

883 601 1048 631 acerrimus
1055 601 1192 630 Chabriae
1203 598 1455 633 adversariorum,
1463 607 1544 625 eum-

884 655 942 683 que
957 654 1076 674 causam
1095 643 1254 682 capitalem
1271 651 1363 681 super
1377 641 1482 678 Oropo
1498 638 1545 667 di-

884 692 1001 717 centem
1019 686 1280 716 vehementissime
1303 684 1375 714 ursit
1391 688 1422 712 et
1436 681 1543 719 exagi-

884 729 970 759 tavit.
997 731 1072 764 535,
1097 731 1127 758 9.
1159 733 1224 758 erat
1248 726 1404 757 familiaris
1428 725 1542 764 Lysiae,

885 773 1024 801 oratoris.
1042 772 1137 806 1352,
1151 773 1183 800 7.
1199 776 1229 800 et
1246 773 1296 800 15.
1542 794 1545 796 .

842 814 1021 849 Philtiades,
1041 814 1151 844 Ctesiae
1167 813 1256 848 filius,
1272 809 1541 851 Xypetaeonensis.

887 859 959 892 929,
977 859 1028 888 25.
1049 867 1081 896 p.
1098 857 1170 891 935,
1188 861 1216 886 1.
1240 860 1324 896 pater
1349 856 1416 893 ejus
1442 852 1542 883 Ctesi-

886 901 948 929 cles
962 900 1138 939 appellatur.

843 943 1019 973 Phocenses
1042 941 1124 982 [ἔθνος
1147 940 1237 980 μέγα,
1259 940 1307 970 καὶ
1331 938 1437 971 πολλοῦ
1461 937 1545 976 λόγου

886 987 963 1025 wag&
978 985 1174 1024 Δημοσθένους
1189 982 1319 1023 ἔιξιωὲῐὲν,
1330 983 1370 1012 ait
1387 982 1542 1020 Etymolo-

887 1039 943 1066 gus
970 1039 1001 1067 p.
1027 1030 1100 1063 273,
1123 1027 1190 1067 36.]
1221 1027 1286 1056 sine
1313 1024 1543 1055 Atheniensium

886 1071 1074 1110 protectione
1104 1069 1181 1100 tueri
1208 1079 1262 1099 sua
1290 1068 1466 1107 nequibant.
1490 1069 1543 1103 16,

887 1117 939 1144 21.
962 1114 1072 1144 bellurn
1088 1114 1235 1143 adversus
1251 1122 1303 1141 eos
1326 1116 1478 1151 gesturum
1494 1120 1543 1140 re-

887 1156 964 1195 cipit
986 1157 1141 1186 Thessalis
1167 1154 1339 1194 Philippus,
1363 1164 1458 1192 eoque
1486 1152 1544 1182 sibi

887 1210 939 1229 eos
955 1199 1101 1238 adjungit.
1115 1201 1166 1234 20,
1177 1201 1206 1227 4.
1225 1197 1425 1227 phocensium
1442 1201 1544 1235 coepta

887 1252 956 1271 cum
985 1243 1114 1281 probare
1144 1241 1301 1280 nequirent
1329 1238 1544 1274 Athenienses,

888 1289 985 1314 tamen
1008 1296 1060 1314 eos
1081 1290 1218 1314 servatos
1233 1282 1403 1321 cupiebant.
1422 1283 1496 1317 231,
1516 1285 1544 1312 1.

887 1338 946 1366 qua
981 1327 1217 1365 flagitiosissima
1248 1324 1403 1355 AEschinis
1438 1324 1544 1355 fraude

888 1370 1060 1400 Phocenses
1077 1370 1217 1408 Philippo
1233 1368 1346 1402 traditi,
1359 1372 1390 1397 et
1410 1367 1546 1396 funditus

887 1413 982 1443 deleti
997 1413 1117 1448 fuerint,
1130 1412 1269 1452 pluribus
1282 1410 1454 1450 exponitur.
1469 1411 1546 1446 357,

888 1458 939 1486 22.
956 1467 1021 1495 sqq.
1035 1456 1124 1486 conf.
1140 1466 1169 1494 p.
1192 1457 1264 1489 113,
1281 1456 1333 1484 17.
1355 1463 1447 1492 quare
1471 1453 1546 1483 Phi-

887 1499 991 1538 lippus
1003 1510 1057 1528 eos
1068 1499 1099 1528 in
1113 1498 1288 1528 societatem
1302 1496 1346 1526 sui
1357 1507 1424 1526 cum
1436 1497 1545 1526 Athen.

888 1541 1014 1571 foederis
1036 1542 1204 1571 admittere.
1222 1541 1296 1575 443,
1310 1542 1339 1569 8.
1362 1539 1410 1569 bis
1427 1539 1546 1578 Philip-

889 1595 946 1624 pus
974 1585 1082 1623 proelio
1108 1584 1186 1614 vicit
1208 1583 1388 1613 Phocenses
1404 1593 1411 1611 :
1451 1582 1546 1612 semel

889 1627 993 1666 copias
1009 1637 1111 1657 eorum
1131 1627 1271 1657 mercede
1287 1626 1461 1660 conductas,
1477 1635 1547 1655 cum

888 1670 979 1707 duce,
994 1671 1198 1705 Onomarcho,
1220 1673 1306 1699 extra
1332 1668 1495 1698 Phocidem
1517 1670 1549 1698 et

889 1713 993 1752 Pylas,
1014 1713 1122 1743 iterum
1149 1713 1178 1743 in
1205 1712 1280 1751 ipsis
1308 1722 1412 1741 eorum
1437 1711 1546 1740 finibus

889 1766 943 1785 eos
958 1756 1033 1786 vicit
1056 1761 1146 1795 atque
1168 1754 1304 1785 funditus
1325 1753 1450 1784 delevit.
1473 1756 1549 1791 443,

888 1799 942 1829 25.
957 1801 1031 1835 446,
1042 1799 1109 1829 init.

847 1841 1016 1878 Phokides‚
1028 1852 1116 1881 quem
1126 1850 1271 1871 accusans
1280 1839 1468 1879 Aristogiton
1478 1850 1548 1880 per-

888 1885 977 1915 didit.
993 1887 1070 1920 781,
1086 1888 1138 1916 17.

847 1927 993 1962 Phocion,
1014 1928 1179 1968 imperator
1199 1926 1272 1957 Ath.
1295 1925 1326 1955 in
1349 1924 1548 1965 expeditione

890 1971 1037 2007 Euboica,
1066 1971 1190 2010 Olymp.
1221 1969 1314 2004 CIX,
1337 1970 1368 1999 4.
1395 1971 1470 2004 567,
1496 1971 1548 1999 17.

890 2014 982 2043 etiam
998 2024 1016 2043 a
1036 2013 1190 2053 Byzantio
1212 2011 1389 2050 Philippum
1414 2011 1547 2051 depulit,

890 2057 997 2086 eodem
1014 2067 1101 2087 anno.
1119 2058 1240 2086 Bai-ton.
1251 2055 1280 2083 in
1297 2055 1350 2084 vit.
1365 2055 1451 2083 Dem.
1462 2055 1487 2094 ᾗ.
1503 2053 1549 2093 ιζ’.

891 2099 1019 2128 Diodor.
1039 2100 1100 2129 Sic.
1115 2099 1160 2129 11.
1175 2109 1209 2137 p.
1224 2099 1297 2128 139.
1320 2097 1358 2126 de
1373 2098 1439 2136 ejus
1462 2097 1548 2127 exitu

891 2152 920 2171 v.
937 2141 1055 2172 Corsini
1071 2143 1108 2172 F.
1121 2141 1160 2171 A.
1174 2142 1201 2171 Ι.
1218 2151 1249 2180 p.
1262 2141 1336 2170 366.

848 2184 1021 2220 Phocritus,
1050 2184 1248 2225 Byzantinus,
1276 2184 1313 2212 ab
1339 2182 1487 2222 Apaturio
1517 2186 1550 2213 et

892 2228 1077 2258 Parmenone
1092 2228 1206 2258 arbiter
1221 2226 1369 2256 delectus.
1380 2227 1454 2262 897,
1469 2228 1499 2255 2.

847 2270 1024 2307 Phormion,
1045 2275 1158 2306 orator,
1182 2270 1247 2309 qui,
1269 2279 1323 2309 pro
1343 2268 1552 2309 Aphepsione,

891 2314 1037 2353 Bathippi
1058 2314 1132 2350 filio,
1156 2313 1273 2347 dicens,
1298 2311 1436 2350 Leptinis
1462 2321 1551 2350 roga·

891 2356 1002 2386 tionem
1018 2357 1057 2386 de
1073 2355 1217 2387 tollendis
1238 2354 1475 2384 immunitatibus
1493 2354 1550 2383 im-

891 2400 1049 2439 pugnavit.
1065 2402 1140 2436 451,
1156 2408 1271 2438 argum.
1287 2399 1316 2428 9.
1333 2399 1407 2432 453,
1421 2400 1473 2426 14.

849 2442 1027 2478 Phormion,
1060 2442 1091 2472 in
1127 2439 1285 2472 ditissimis
1311 2438 1551 2470 Atheniensium.

892 2487 967 2522 565,
981 2489 1033 2516 12.

849 2528 1004 2565 Phormio,
1014 2525 1289 2569 KephisophontiS,
1297 2524 1470 2556 Piraeensis.
1477 2526 1552 2562 927,

850 2613 1009 2649 Phormio,
1033 2613 1214 2652 negotiator,
1236 2610 1268 2640 in
1289 2621 1375 2649 quem
1404 2609 1552 2649 Chrysip-

891 2667 961 2695 pus,
973 2656 1023 2695 qui
1035 2666 1076 2686 aes
1092 2656 1119 2685 ei
1134 2656 1164 2684 in
1179 2655 1278 2684 foenus
1293 2653 1477 2690 crediderat,
1488 2654 1552 2693 agit

891 2709 937 2729 or.
953 2709 970 2728 a
982 2709 1013 2738 p.
1029 2700 1101 2730 907.
1118 2698 1155 2727 ad
1171 2708 1204 2736 p.
1221 2699 1293 2727 922.

850 2743 1008 2777 Phormio,
1024 2741 1181 2779 trapezita,
1198 2740 1327 2768 libertus
1351 2738 1504 2774 Pasicnis,
1520 2739 1551 2770 in

892 2786 980 2823 cujus
1001 2784 1140 2818 fortunis,
1157 2782 1303 2817 moribus,
1319 2781 1398 2810 omni
1422 2782 1553 2821 denique

893 2827 958 2856 vita
967 2827 1080 2856 multus
1093 2831 1139 2855 est
1152 2824 1384 2859 Demosthenes,
1395 2824 1552 2856 invidioso

895 2874 927 2899 et
938 2869 1018 2907 turpi
1033 2868 1187 2907 exemplo,
1204 2866 1327 2897 alternis
1346 2871 1504 2897 accusator
1523 2873 1554 2899 et

895 2912 1047 2946 defensor,
1063 2911 1093 2940 in
1113 2910 1313 2946 orationibus,
1336 2920 1393 2940 una
1407 2920 1463 2950 pro
1485 2921 1522 2940 eo
1536 2922 1554 2942 a

895 2965 927 2994 p.
938 2956 1010 2986 944.
1017 2955 1056 2984 ad
1065 2964 1096 2994 p.
1104 2955 1176 2986 963.
1183 2953 1335 2994 pluribus,
1344 2963 1420 3000 quas
1431 2954 1556 2993 Apollo-
