1822 3187
556 183 1049 227 DEMOSTHENEAE.

83 335 306 376 συμπαραθειν]
338 335 425 365 neben
450 335 542 365 einem
568 331 722 373 herlaufen
747 332 791 372 [ιο

126 389 186 408 run
208 389 244 409 on
265 379 301 418 by
322 377 369 408 the
390 377 449 408 sule
466 375 503 417 ῳ(
519 376 596 417 one].
619 382 791 405 currentem

127 431 217 451 cursu
236 421 393 460 prosequi,
410 430 467 449 non
484 430 575 458 pone,
587 419 640 448 sed
658 418 792 447 adlatus

127 465 289 494 cun-endo.
311 461 531 504 συμπαραθεῖτε
554 462 608 492 ἄνω
627 460 676 490 καὶ
698 460 790 490 κάτω.

127 508 180 541 52,
197 508 227 536 2.

85 546 411 588 συμπαρακαθίζεσὲαι.
428 550 502 582 840,
515 548 545 577 9-

85 590 407 632 συμπαραπόλλυσθαι]
422 589 523 624 δεδιὼς,
538 589 581 627 μὴ
598 586 792 629 συμπαραπό-

128 640 227 673 λωμαι
239 634 284 664 διὸ,
298 633 422 666 τούτους.
438 643 474 661 ne
487 642 545 670 ego
558 642 690 671 quoque,
706 631 794 660 velut

129 677 239 713 obiter,
265 681 296 706 et
318 683 352 706 ut
376 675 512 705 accessio
535 676 672 713 quaedam
697 673 803 710 dadis,

129 719 309 754 communis,
322 729 378 748 una
390 728 457 747 cum
468 718 515 746 his
525 718 669 770 perirem.
662 718 754 752 ,396,
764 718 794 746 6.

86 760 384 802 συμπαρασκευάζειν.
408 762 482 795 280,
508 762 559 789 18.
583 758 656 792 ὅπως
677 759 795 800 αἰχμά-

129 811 215 834 λωτοι
228 815 357 843 γενωνται
371 802 511 842 Φιλίππῳ
523 802 795 842 συμπαρεσκεύασε.

130 850 205 883 413,
221 849 252 878 5.
272 858 297 876 ον
314 846 398 887 [soil.
416 845 516 885 καιρὸν,
536 856 626 883 quam
649 850 796 898 opp-ortu-

130 889 281 942 nitatem]
286 888 568 929 συμπαρασκευάσαι
585 886 646 917 καθ’
659 889 735 927 ὑμῶν
747 886 796 916 αὗ-

130 935 186 962 τῶν
207 943 254 961 ουκ
271 930 407 971 ὀφείλετε.
432 941 491 961 non
514 935 636 970 oportet
656 942 711 960 vos
733 930 798 969 ipsi

131 975 263 1005 adesse
256 986 285 1004 ln
301 973 532 1013 comparando
524 984 622 1012 ipsos.
638 975 712 1007 681,
727 976 779 1003 22.

87 1017 368 1058 συμπαρατάττειν]
414 1016 452 1050 δὶς
490 1016 798 1056 συμπαραταξάμενοι,

132 1061 200 1090 scil.
212 1071 281 1089 cnm
296 1059 462 1089 Thebanis.
476 1061 552 1094 300,
568 1062 620 1090 15.
634 1058 707 1100 μεθ’
723 1060 799 1098 ὑμῶν

131 1101 469 1143 συμπαραταξαμένους.
486 1104 561 1138 304,
576 1106 627 1132 10.

89 1145 332 1186 συμπαρατηρεῖν.
349 1148 422 1180 204,
441 1147 492 1176 19.

88 1189 291 1227 συμπαρεῖναι.
307 1190 384 1223 749,
397 1191 449 1218 17.

89 1230 272 1270 συμπείθειν,
289 1241 342 1270 pro
358 1230 530 1261 ἀναπείθειν.
545 1232 619 1266 276,
635 1232 686 1260 14.

90 1273 293 1313 συμπέμπειν
306 1275 370 1307 τοὺς
385 1273 667 1312 συμπλευσομένους.
682 1274 799 1307 80,15.

132 1318 210 1356 παρα
237 1318 291 1346 Τῶν
316 1317 402 1346 αὑτοῦ
429 1317 603 1367 συμμάχων
623 1314 800 1354 συνξωεμψε

133 1369 158 1389 π
159 1357 276 1399 ρέα-ἕεις.
292 1360 366 1394 272,
379 1361 430 1388 17.
446 1370 471 1388 ον
481 1356 695 1398 σωέωεμψεν’
686 1369 739 1388 εισι
752 1359 801 1389 την

131 1371 290 1442 τρξάπεζαν,
317 1400 474 1442 ληψόμενον
496 1400 530 1431 τό
554 1401 685 1442 ἀργύριον.
706 1398 803 1437 1186,

91 1487 292 1527 συμωενθειν]
318 1484 546 1526 συμπεπένθηκε
574 1487 625 1520 τῆς
647 1484 803 1526 οἰκουμένης

134 1529 168 1559 τὸ
182 1531 340 1560 «πλεῖστον.
358 1532 452 1564 1399,
470 1531 521 1559 26.

91 1571 302 1613 συμπεραίνειν]
326 1574 424 1602 τοῦτον
438 1571 484 1601 τὸν
499 1571 630 1610 «πόλεμον
644 1582 803 1611 συμπεραι-

135 1615 248 1655 νομὲνων
263 1617 317 1645 τῶν
332 1616 462 1655 συνεργῶν
477 1615 567 1653 αὐτῷ.
588 1617 659 1649 281,
676 1617 727 1645 27.

92 1658 380 1698 συμπεριλαμβάνειν
391 1657 439 1687 καὶ
454 1658 518 1691 τοὺς
529 1656 665 1696 ἑκατέρων
676 1658 804 1696 συμμά-

134 1712 213 1752 χους.
230 1703 371 1737 235,15.
387 1702 460 1735 239,
475 1703 506 1729 7.
530 1699 804 1740 συμπεριειλημμέ-

134 1754 184 1777 νοις
199 1742 225 1773 ἓν
239 1745 306 1777 ταῖς
322 1743 486 1776 συνθήκαις.
504 1745 578 1778 251,
596 1745 626 1773 9.

93 1785 254 1827 συμπίνειν]
279 1785 412 1816 συνέπινε
438 1785 484 1815 καὶ
507 1784 701 1816 συνεδείπνει’
692 1783 805 1815 εναντίον

137 1830 308 1866 πολλῶν,ὡς
321 1826 420 1868 ἑταίρα
435 1840 515 1858 ουσα.
530 1830 624 1864 1352,
642 1831 692 1859 27.
710 1831 803 1864 1361,

137 1874 189 1902 16.

93 1913 289 1966 συμπίπτειν]
306 1924 361 1953 pro
377 1911 553 1952 ἐμπίπτειν.
570 1914 630 1948 τοῖς
639 1912 711 1953 μετ’
726 1914 805 1954 ὁργης

135 1956 262 1997 ἐξαίφνης
283 1955 492 1995 συμπίπτουσι
513 1956 636 1987 πάθεσιν
650 1956 804 1986 ἐπακολου-

136 1999 207 2030 θεῖν.
225 2002 300 2036 805,
312 2003 364 2030 24.
386 2000 596 2039 συμπεσούσης
611 2000 692 2038 αὐτῷ
705 2002 755 2034 τῆς
767 2000 804 2029 οἶ-

136 2043 208 2076 κίας.
232 2054 300 2072 eum
316 2044 491 2072 corruisset.
509 2045 582 2079 899,
599 2045 629 2074 3.
652 2053 710 2082 pro
726 2054 804 2082 συμ-

137 2084 247 2118 Βαίνειν.
265 2088 357 2121 1406,
373 2088 424 2116 26.

94 2129 302 2167 συμπλάττειν
312 2128 418 2161 αἰτίας
432 2130 576 2163 949,13.

95 2171 256 2212 συμπλεῖν]
281 2169 335 2208 ἐγὼ
358 2170 386 2200 δὲ
407 2170 565 2209 συμπλέων
583 2168 730 2204 ἐθελοντὴς
745 2171 803 2201 πά-

137 2223 219 2254 σχειν
234 2214 320 2243 ὁτιουν
335 2224 458 2252 ετοιμος,
479 2212 526 2242 ἐαν
544 2214 586 2252 μὴ
607 2213 696 2243 ταῦθ’
719 2213 805 2248 οὕτως

139 2256 204 2297 ἔχη.
220 2258 273 2292 48,
290 2259 342 2285 11.
366 2258 418 2291 80,
434 2259 485 2286 15
506 2258 580 2291 886,
593 2258 644 2286 24
663 2259 736 2292 914,
753 2260 804 2289 28.

140 2301 283 2334 929,19.
304 2302 398 2334 1218,
414 2301 578 2334 101231,
596 2301 647 2329 12.

96 2340 290 2382 συμπλέκειν]
315 2340 425 2371 ἐπειδὰν
439 2341 462 2371 δ’
480 2342 575 2381 ὅμορος
589 2341 714 2381 πόλεμος
728 2354 806 2382 συμ-

139 2384 249 2414 πλακῆ.
264 2387 317 2419 24,
336 2387 385 2413 10.
410 2384 473 2425 οὐχὶ
497 2384 728 2423 συμπλακέντας
748 2385 806 2414 δια-

139 2426 320 2468 γωνίζεσὲται.
338 2430 412 2461 124,
431 2431 481 2458 10.
504 2427 536 2458 ἂν
559 2437 586 2456 ευ
610 2438 653 2461 τις
675 2429 734 2462 τοῖς
753 2427 806 2458 ὀνό-

139 2468 421 2509 μασισυμπλεξας
439 2471 600 2506 1335,17.

97 2512 260 2551 σύμπλους.
277 2514 351 2548 926,
371 2515 420 2543 17.

98 2556 252 2605 συμπνειν]
281 2555 329 2584 οὔκ
350 2554 381 2584 ἃν
403 2554 639 2594 συμπνευσόντων
662 2556 738 2595 ὑμῶν
758 2555 806 2586 και

141 2595 278 2629 Θηβαίων.
293 2600 368 2633 284,
383 2601 435 2628 17.

99 2641 300 2678 συμπολεμεῖν
321 2639 368 2669 τὸν
391 2638 458 2680 πρὸς
478 2641 555 2679 ὑμᾶς
572 2640 704 2680 πόλεμον.
731 2643 806 2676 254,

142 2686 194 2713 24.
232 2685 432 2720 συμπολεμεῖν
458 2695 523 2718 τους
545 2683 710 2724 Βυζαντίους
735 2683 809 2723 μεθ’

143 2727 219 2764 ἡμῶν
234 2735 300 2764 προς
314 2723 417 2755 ἐκεῖνον.
430 2728 506 2761 304,
523 2729 574 2756 17.

101 2769 318 2807 συμπολιορκειν
332 2767 432 2807 χωρία.
449 2770 524 2803 663,
542 2771 593 2798 24-

100 2808 380 2850 συμπολιτεύεσθαι]
413 2810 684 2850 συμπολιτευόμενοι
713 2811 808 2850 μηδενὶ

143 2852 283 2883 τοσαύτην
297 2851 399 2891 ἤγομεν
414 2852 543 2894 ἡσυχίαν.
563 2857 656 2890 1431,
670 2857 722 2884 22.

101 2895 264 2936 συμπονεῖν.
281 2897 334 2929 27,
351 2897 381 2924 4.

101 2937 277 2979 συμπόσιον]
293 2936 476 2976 ἐξετάσωμεν
491 2936 519 2968 δη
533 2948 598 2977 προς
611 2936 645 2967 τὸ
656 2950 704 2968 του
717 2938 808 2968 Σατύ-

143 2993 187 3021 ρου
207 2979 378 3020 συμπόσιον,
398 2978 485 3020 ἕτερον
498 2979 660 3020 συμπόσιον
673 2980 706 3010 τὸ
717 2980 809 3020 τούτῳ

1449 186 1533 227 255

868 287 894 317 ἐν
905 287 1058 328 Μακεδονία
1073 288 1220 328 γενόμενον.
1238 292 1312 326 402,
1330 291 1381 320 13.

826 331 995 372 συμπότης]
1013 331 1165 370 συμπόται
1181 331 1255 367 ὅντες
1269 334 1352 362 αὐτοῦ
1364 332 1411 361 καὶ
1424 334 1538 362 πολλῶν

868 374 998 404 τοιούτων
1011 373 1092 413 ἔργων
1103 373 1225 404 κοινωνοί.
1243 379 1256 404 1
1264 378 1406 410 267,13.

826 418 1043 458 συμπράττειν]
1067 427 1114 445 και
1138 415 1327 468 συνέπραττον
1349 417 1437 456 αἰτῳ.
1459 421 1536 452 404,

874 462 924 489 13.
940 462 1015 496 419,
1032 461 1083 491 16.
1107 457 1202 498 ἔξωθεν
1218 460 1239 488 οἱ
1253 458 1400 492 ἐπιβουλὲ
1387 472 1485 494 υοντες,
1499 460 1538 490 ἔν-

871 502 949 532 δοθεν
964 501 992 532 δὲ
1004 514 1026 533 οι
1043 503 1300 542 συμπράττοντες.
1310 505 1383 537 437,
1399 506 1447 532 11.
1463 505 1538 538 664,

873 547 924 575 21.
941 545 1038 576 ταυτα
1048 545 1181 579 απαντας
1195 544 1313 574 ἐπαινεῖν
1324 546 1371 575 καὶ
1383 547 1539 585 συμπράτ-

872 599 940 618 τειν.
957 591 1054 624 1445,
1070 591 1102 618 1.

829 630 1064 671 συμπρεσβεύειν.
1080 633 1157 665 400,
1173 634 1223 662 11.
1241 632 1292 661 14.
1309 633 1341 660 et
1357 630 1411 659 ult.

830 673 1030 714 σύμπρεσβυς.
1045 677 1121 708 400,
1136 675 1168 704 6.

830 717 1023 757 σύμπτωμα]
1040 715 1263 756 ἐπανορθούμενοι
1277 715 1310 746 τὸ
1323 714 1448 746 ἀκούσιον
1461 715 1541 754 σύμ-

874 768 1000 798 πτωμα.
1014 762 1109 796 1295,
1125 762 1178 789 21.

831 801 999 843 συμφέρειν]
1023 801 1056 831 τὸ
1075 800 1218 842 συμφέρον
1240 800 1309 831 εῖναι
1326 800 1359 831 τὸ
1381 801 1479 831 «ποιοῦν
1494 802 1544 831 τήν

875 844 978 883 φιλίαν.
995 847 1070 881 209,
1084 847 1116 874 7.
1136 844 1191 883 δ’τῳ
1205 843 1411 884 συνενηνόχασιν
1424 844 1446 873 οἳ
1462 844 1544 874 αὐτοὶ

874 887 960 927 καιροὶ
975 887 1023 917 καὶ
1040 889 1099 922 τοῖς
1113 889 1165 921 τῆς
1179 886 1287 920 πόλεως
1310 885 1428 927 ἐχθροῖς,
1445 887 1493 916 οὐκ
1507 886 1542 916 ἐ’νι

876 931 973 960 τοῦτον
997 931 1081 960 εὔνουν
1105 930 1172 960 εῖναι
1193 930 1231 971 τῇ
1253 928 1379 969 πατρίδι.
1402 932 1474 964 294,
1490 930 1542 960 15.

875 971 962 1013 (ἐμοῦ
981 973 1013 1003 τὸ
1035 977 1086 1008 τῆς
1107 973 1215 1006 πόλεως
1232 972 1384 1012 συμφέρον,
1399 972 1427 1002 οὗ
1447 971 1480 1001 το
1496 979 1543 1002 Φι-

877 1015 997 1052 λίππου,
1021 1016 1174 1056 ζητοῦντος,
1192 1017 1266 1045 citat
1286 1017 1498 1053 Hermogenes
1514 1027 1545 1054 p.

878 1060 950 1089 294.
964 1070 1002 1089 ex
1014 1070 1058 1089 or.
1069 1070 1122 1098 pro
1136 1058 1282 1097 Corona.)
1297 1058 1490 1095 συνενεγκόντα
1506 1059 1544 1091 εἷς

877 1100 968 1130 ταύτὸ
993 1114 1033 1132 τα
1058 1101 1207 1141 μέλλοντα
1229 1102 1289 1134 τοῖς
1315 1101 1545 1140 παρεληλυθόσι.

877 1146 1020 1180 724,10.
1042 1143 1181 1197 affin-564·
1196 1142 1276 1182 δόξαν
1289 1143 1428 1183 συμφέρει
1443 1155 1477 1174 τη
1495 1144 1545 1173 πό-

878 1189 1154 1222 λει.665,17.τα
1175 1188 1267 1225 μικραὶ
1288 1185 1472 1226 συμφέροντα
1495 1188 1547 1220 ‘ric

878 1228 987 1263 πόλεως
1000 1229 1051 1260 ἔδει
1066 1241 1107 1270 με
1129 1229 1296 1268 φυλάττειν,
1316 1241 1357 1258 τα
1374 1228 1402 1259 δὲ
1417 1227 1471 1258 δ’λα
1485 1241 1545 1260 ιτσε-

879 1272 1022 1312 πρακὲναι.
1038 1275 1112 1307 234,
1128 1272 1180 1301 25.

835 1316 1003 1354 συμφῐῖσαι.
1022 1317 1096 1350 668,
1112 1316 1164 1345 14.

833 1357 1015 1398 συμφοιτᾷν]
1041 1368 1098 1388 una
1113 1366 1181 1386 cum
1197 1356 1256 1386 alio
1276 1356 1419 1396 quopiam
1441 1357 1546 1387 ludum

877 1400 1033 1438 publicum
1048 1399 1216 1430 literarium
1233 1400 1437 1439 frequentare.
1451 1403 1545 1436 1001,

879 1442 933 1472 ult.

835 1486 984 1526 συμφορὰ]
1007 1484 1114 1525 μηδένα
1140 1487 1194 1515 τῶν
1217 1487 1339 1516 πολιτῶν
1363 1484 1390 1516 ἐν
1410 1485 1549 1526 συμφορᾷ

879 1527 913 1557 δι’
928 1529 1026 1559 ἔνδειαν
1041 1528 1172 1569 περιορᾷν.
1189 1530 1265 1564 412,
1281 1529 1335 1558 ult.
1352 1528 1487 1570 συμφορᾷ
1501 1530 1548 1559 κέ-

878 1582 996 1612 χρηται,
1015 1582 1071 1611 pro
1095 1570 1252 1611 ἠτίμωται.
1276 1571 1440 1611 ignominia
1463 1576 1548 1602 nota-

879 1618 940 1650 tus,
955 1615 1056 1653 capite
1074 1614 1208 1643 minutus
1228 1615 1296 1644 fuit.
1322 1617 1549 1649 533,11.τὰς

879 1659 934 1687 τῶν
946 1657 1040 1687 αλλων
1051 1659 1200 1697 συμφορας
1210 1657 1257 1686 καῖ
1269 1655 1365 1698 χρείας
1377 1657 1547 1709 εὐτυχήμα·

879 1711 919 1728 τα
932 1711 1030 1730 εαυτου
1040 1699 1166 1740 νομίζων.
1178 1703 1274 1734 1122,
1289 1711 1355 1739 pen.
1372 1699 1482 1734 τούτοις
1492 1699 1550 1740 μό-

880 1753 930 1776 νοις
945 1746 1001 1772 τῶν
1015 1743 1111 1773 ἄλλων
1122 1755 1177 1776 τας
1188 1745 1338 1783 συμφορὰς
1353 1742 1481 1778 Εεβαίους
1492 1742 1549 1782 μέ-

881 1795 938 1816 νειν.
959 1789 1054 1821 1480,
1077 1789 1096 1816 7
1101 1808 1108 1816 .
1131 1788 1213 1825 μετὰ
1237 1788 1387 1827 συμφορᾶς
1408 1786 1550 1816 ἱκετεύειν.

882 1828 1110 1864 miserabiliter,
1133 1834 1165 1858 ut
1183 1830 1272 1857 homo
1296 1839 1404 1868 inagna
1424 1830 1548 1859 calami-

881 1876 942 1900 tate
959 1873 1131 1910 perculsus.
1148 1873 1223 1907 717,
1240 1873 1269 1901 3.

838 1915 1005 1955 συμφορεῖν]
1024 1920 1225 1953 comportare,
1239 1925 1414 1953 congerere,
1428 1925 1550 1944 coacer-

881 1967 964 1987 vare.
988 1955 1084 1991 αἰτίας
1098 1957 1145 1987 καὶ
1163 1957 1341 1998 σκώμματα
1356 1957 1403 1986 καὶ
1419 1956 1550 1998 λοιδορίας

880 2001 1078 2041 συμφορήσας.
1095 2002 1169 2035 230,
1187 2002 1217 2030 6.

837 2041 998 2083 σύμφορος]
1020 2046 1059 2073 τὰ
1075 2042 1209 2082 σύμφορα
1224 2042 1436 2083 παραινέσομεν.
1453 2044 1549 2079 1160,

882 2087 933 2115 13.

837 2126 1012 2169 σύμψηφος]
1037 2128 1241 2158 consentiens.
1263 2126 1439 2168 συμψήφους
1454 2125 1549 2157 medv-

881 2181 929 2204 τες
941 2169 1059 2205 ἐκείνους.
1077 2173 1151 2208 206,
1169 2175 1220 2202 14.

838 2214 888 2243 σὺν
904 2213 1038 2250 ταύταις,
1053 2219 1087 2244 ut
1103 2224 1191 2244 nemo
1207 2213 1384 2244 haereditate
1404 2213 1549 2252 potiatur,

882 2256 941 2286 nisi
957 2257 1006 2286 cui
1022 2257 1140 2296 placeat
1156 2257 1246 2287 filiam
1264 2267 1383 2296 quoque
1397 2257 1547 2286 haeredem

882 2299 1054 2338 patrimonii
1085 2311 1141 2329 una
1166 2300 1195 2330 in
1224 2300 1416 2330 matrimonio
1446 2309 1548 2329 secum

882 2343 1116 2378 habere.1067,
1133 2346 1163 2373 2.

840 2384 979 2424 συνάγειν]
1003 2383 1079 2418 τίνας
1105 2385 1182 2427 εῖχεν
1204 2386 1217 2415 ἦ
1239 2384 1322 2419 πόλις
1345 2385 1478 2424 ἄφορμας
1501 2395 1548 2413 και

884 2427 1022 2466 δυνάμεις,
1034 2439 1132 2457 -και
1149 2428 1225 2461 τίνας
1240 2438 1391 2465 συνήγαγον
1405 2437 1477 2457 αυτη
1494 2437 1549 2465 με-

882 2482 923 2500 τα
943 2469 1032 2501 ταῦτ’
1051 2470 1176 2506 ἐπιστας
1198 2470 1262 2509 ἐγώ.
1285 2472 1360 2505 305,
1377 2473 1408 2500 8.
1431 2470 1451 2499 οἳ
1473 2469 1549 2508 νόμοι

851 2513 1034 2552 συνήγαγον
1056 2515 1142 2553 ὑμας.
1166 2516 1309 2549 341,12.
1333 2512 1445 2547 θιάσους
1467 2523 1551 2542 συνα-

882 2556 993 2593 γούσης·
1005 2559 1079 2592 431,
1095 2560 1147 2588 25.
1162 2559 1279 2587 συνῆκτο
1294 2568 1347 2595 γαρ
1361 2556 1438 2594 αὐτῷ
1453 2554 1484 2584 ἐκ
1500 2555 1550 2584 τύ-

883 2610 939 2640 χης
949 2611 989 2629 τα
1001 2600 1166 2640 πράγματα
1181 2600 1220 2634 εἰς
1232 2598 1323 2651 καιρὸν
1329 2600 1460 2628 τοιοῦτον
1474 2599 1550 2633 443,

884 2644 914 2671 8.
938 2653 1036 2679 συνηγε
1052 2654 1115 2676 τους
1130 2653 1262 2692 χορηγους
1277 2640 1323 2670 ἐπ’
1333 2639 1396 2678 ἐμέ.
1408 2643 1482 2675 520,
1499 2643 1549 2670 17.

883 2684 1047 2724 βουλόμενος
1063 2683 1153 2723 φθόνον
1167 2687 1230 2714 τινα
1245 2695 1306 2722 εμοι
1323 2684 1458 2720 συνάγειν.
1474 2685 1549 2719 524,

883 2726 1082 2767 Ἁίθύφαλλοι
1091 2726 1163 2760 τινὲς
1174 2726 1263 2767 ἐσμὲν
1270 2736 1442 2764 συνηγμενοι.
1454 2728 1550 2776 1263,

884 2773 915 2800 6.
937 2769 984 2799 τὸν
1007 2768 1193 2807 συναγαγόντ’
1217 2768 1326 2803 αυτούς.
1358 2769 1409 2808 qni
1439 2779 1492 2798 eos
1517 2770 1549 2799 in

884 2812 1038 2851 pristinam
1071 2822 1173 2842 secum
1210 2811 1337 2850 gratiam
1373 2811 1550 2841 reconcilia-

884 2859 980 2884 verat.
995 2856 1090 2890 1335,
1103 2855 1158 2884 ult.
1174 2865 1285 2892 συνηγον
1300 2865 1400 2888 αυτ-ους
1414 2854 1436 2883 οἶ
1449 2853 1549 2884 ἐπιτή-

885 2898 957 2926 δειοι.
983 2897 1229 2927 reconciliabant.
1254 2900 1348 2932 1360,
1371 2901 1401 2929 6.
1429 2896 1477 2927 τὸν
1501 2898 1550 2926 τοῦ

885 2939 1086 2979 φενακίζεσθαι
1107 2939 1196 2980 χρόνον
1218 2939 1255 2974 εἷς
1274 2939 1444 2981 μικρότατον
1465 2940 1550 2970 συνά-

885 2992 988 3019 γοντες.
1003 2983 1098 3017 1445,
1115 2984 1166 3013 26.
