1822 3187
197 144 282 186 318
622 143 816 187 INDEX
847 142 1212 187 HISTORICUS

201 292 381 327 Periander,
397 291 477 323 filius
495 292 660 332 Polyarati.
676 296 771 330 1009,
788 296 840 324 27.

201 336 339 367 Pericles
348 335 540 366 consiliasna
549 337 647 375 magis
658 338 695 367 ad
707 347 805 376 remp.
817 347 906 376 quam

244 379 283 409 ad
307 378 457 418 privatam
480 389 575 414 suam,
593 380 759 410 contulisse
782 380 906 410 dieitur.

243 424 299 459 34,
315 424 366 452 21.
386 432 417 461 p.
435 424 529 458 1414,
544 426 596 454 23.
622 423 750 454 docetur
764 423 833 464 ejus
850 433 906 454 ex-

243 465 356 504 emplo,
374 465 470 496 virum
486 466 563 505 reip.
577 467 718 505 gerendae
731 471 906 507 operantem

243 513 347 539 carere
363 509 556 548 philosophia
571 519 629 539 non
645 519 748 548 posse.

202 551 355 588 Perilaus,
379 552 583 591 Megarensis,
609 552 758 593 proditor,
777 553 815 583 ab
837 551 906 591 ipso

245 594 392 634 Philippo
415 599 597 631 contemtus,
621 606 689 625 cum
707 596 769 633 jam
793 596 906 625 abusus

245 639 312 676 ejus
327 648 421 678 opera
432 643 526 668 esset.
541 640 616 675 242,
631 641 662 669 2.
676 640 752 675 324,
766 641 818 670 15.
830 640 905 674 435,

244 682 300 711 ult.

207 723 359 754 Perinthii
376 724 613 764 Byzantinorum
630 724 771 756 foederati
788 729 819 756 et
835 735 906 755 con-

246 767 402 805 sanguinei
420 772 518 798 eraut.
533 770 608 804 255,
624 770 677 799 24.

202 811 375 841 Phaedimus
394 811 425 841 in
449 811 574 850 triginta
591 811 738 849 tyrannis.
760 814 835 847 402,
852 813 904 842 16.

247 855 413 884 Palmerius
436 855 474 884 ad
499 855 528 884 h.
547 855 569 884 l.
590 855 743 889 admonet,
759 865 776 884 a
797 855 905 884 Xeno-

247 899 372 936 phonte,
388 897 458 927 illos
476 902 683 933 enumerante,
703 907 761 927 non
784 897 906 927 Phaedi-

244 951 336 975 mum,
351 941 404 970 sed
422 940 585 970 Phaedrum
600 940 664 972 edi.

201 983 342 1019 Phaedra,
366 988 464 1013 mater
486 983 674 1020 Acamantis,
698 983 751 1013 sed
774 981 818 1013 ibi
844 993 906 1013 me-

242 1026 336 1056 liores
346 1026 471 1056 codices
481 1025 618 1056 AEthram
629 1027 796 1066 appellant.
811 1028 906 1063 1398,

246 1073 298 1099 11.

200 1113 403 1152 Phaenippus,
424 1112 504 1143 filius
527 1112 672 1152 Callippi,
687 1112 716 1142 in
739 1122 829 1153 quem
845 1112 907 1152 agit

243 1166 287 1186 or.
305 1167 320 1185 a
336 1166 365 1194 p.
383 1158 478 1188 1038.
492 1156 530 1186 ad
551 1158 645 1187 1050.
667 1156 832 1196 adoptatus
849 1156 908 1186 suit

244 1210 260 1228 a
276 1199 473 1235 Philostrato,
486 1204 618 1230 oratore.
636 1202 731 1236 1045,
747 1201 799 1231 15.

200 1243 346 1278 Phanias,
364 1242 561 1282 Aphidnaeus.
585 1244 661 1278 544,
678 1244 729 1274 15.
756 1247 820 1273 erat
844 1247 907 1273 tum

244 1287 379 1320 Archon,
399 1297 489 1325 quum
512 1286 614 1316 Strato
637 1287 722 1316 litem
742 1287 907 1316 secundum

245 1329 495 1365 Demosthenem,
505 1330 654 1360 adversus
664 1329 794 1360 Midiam
809 1330 906 1359 daret.

243 1372 322 1402 ibid.
339 1383 426 1403 versu
444 1375 496 1403 24.

202 1416 319 1451 Pbano,
334 1416 394 1445 tilia
409 1416 541 1452 Neaerae,
554 1416 646 1455 vulgo
658 1415 795 1455 quaesita.
814 1417 908 1450 1358,

246 1461 277 1490 5.
294 1458 367 1488 alias
385 1459 525 1498 Strobyle
540 1459 633 1489 dicta.
656 1461 751 1494 1362,
767 1461 797 1489 6.
821 1459 910 1489 nubit

245 1502 415 1538 Phrastori,
433 1503 486 1532 sed
507 1503 701 1541 postmodum
720 1502 908 1542 repudiatur.

245 1545 320 1576 ibid.
341 1551 372 1575 et
396 1556 463 1585 sqq.
484 1545 535 1575 ubi
560 1546 701 1585 pluribus
725 1550 755 1575 et
777 1547 853 1584 ejus,
878 1551 909 1576 et

246 1589 365 1624 matris,
378 1589 502 1618 fraudes
519 1593 551 1618 et
566 1589 679 1627 flagitia
695 1589 840 1618 denudat.

203 1632 415 1669 Phanostrata,
431 1632 492 1682 filia
514 1632 630 1668 Stratii,
649 1632 787 1662 OEensis.
811 1632 909 1668 1056,

204 1719 420 1755 Phanostrata,
434 1722 581 1748 scortum.
597 1720 672 1754 610,
688 1719 741 1749 17.

206 1762 438 1797 Phanostratus,
455 1761 678 1801 Kephisiensis.
699 1762 793 1803 1258,
806 1763 860 1792 23.

206 1805 341 1842 Phanus‚
361 1816 419 1834 non
441 1805 628 1844 Stephanus,
648 1806 727 1844 quod
750 1814 911 1844 perperam

248 1849 279 1878 in
297 1854 472 1887 argumento
488 1847 633 1877 orationis
653 1849 777 1887 legitur,
794 1849 822 1877 is
842 1847 910 1884 fuit,

249 1902 339 1930 quem
356 1891 505 1930 Aphobus
517 1891 584 1920 falsi
597 1892 671 1920 dicti
687 1891 851 1921 testimonii
862 1901 911 1920 ac-

249 1934 380 1969 cusavit,
393 1935 445 1964 sed
463 1934 683 1964 Demosthenes
697 1945 765 1964 eum
775 1935 911 1964 oratione

251 1978 388 2007 defendit
403 1988 450 2012 ea,
472 1987 538 2017 quae
559 1987 575 2006 a
590 1987 622 2016 p.
643 1980 716 2008 844.
733 1978 770 2007 ad
788 1987 817 2015 p.
837 1979 911 2008 862.

248 2020 371 2058 legitur.
381 2020 537 2050 familiaris
554 2024 585 2049 et
598 2020 717 2051 tribulis
732 2021 854 2060 Aphobi
865 2020 911 2050 di-

249 2064 340 2093 citur.
357 2065 432 2099 851,
447 2067 497 2094 2⁶2.
515 2065 589 2098 861,
607 2066 658 2094 26.

207 2107 367 2148 Phayttos,
396 2107 562 2146 imperator
593 2107 810 2137 Phokensium.
839 2108 914 2143 661,

207 2192 329 2223 Pheraei
346 2203 395 2222 res
411 2192 560 2222 habebant
578 2202 648 2222 suas
665 2204 682 2223 a
702 2192 849 2231 Philippo
866 2203 913 2222 se-

248 2241 381 2275 paratas,
397 2236 454 2264 hoc
477 2236 515 2265 de
538 2245 612 2274 paee
631 2247 698 2267 cum
720 2235 914 2266 Atheniensi-

254 2280 310 2308 bus
325 2284 443 2318 agente.
461 2280 535 2314 444,
550 2281 581 2309 4.

207 2322 381 2352 Phertatus.
393 2324 468 2357 887,
485 2326 515 2352 2.

209 2366 311 2402 Phila,
325 2365 481 2395 meretrix
501 2365 595 2399 1351,
612 2365 663 2396 15.

206 2409 363 2447 Philager,
376 2409 455 2437 filius
466 2409 639 2443 Eubulidis,
656 2408 676 2438 f.
690 2408 803 2444 Buseli,
817 2408 913 2438 OEen·

250 2452 302 2481 sis.
322 2453 416 2485 1057,
434 2453 485 2481 15.

206 2495 362 2534 Philager,
379 2494 559 2524 Melitensis.
577 2493 674 2528 1355,
688 2472 739 2524 22.

207 2538 408 2573 Philammon,
423 2537 630 2572 Atheniensis,
646 2537 743 2576 pugil.
759 2538 834 2572 331,
849 2539 881 2567 1.

207 2581 345 2616 Phileas,
363 2582 422 2616 vel,
443 2580 595 2620 quomodo
615 2590 647 2619 p.
669 2581 743 2616 963,
759 2582 789 2611 5.
812 2580 842 2609 in
865 2590 911 2609 ar-

248 2629 390 2662 gumento
415 2624 530 2654 rectius
556 2623 736 2662 appellatur,
764 2622 910 2659 Philetas,

250 2668 435 2697 Eleusinios.
453 2669 527 2701 967,
543 2669 597 2697 21.

206 2710 359 2741 Philiadis
375 2711 501 2745 liberos,
515 2708 678 2740 Messeniae
693 2713 849 2747 tyrannos,
862 2718 910 2738 re-

249 2753 349 2784 stituit
371 2754 548 2784 Alexander
572 2754 617 2783 M.
635 2753 673 2782 ab
693 2751 804 2782 exsilio
821 2761 910 2782 revo—

246 2800 343 2827 catos.
363 2799 438 2832 212,
460 2798 512 2828 26.
537 2806 568 2826 v.
592 2795 677 2827 Neon
699 2799 731 2825 et
754 2793 911 2835 Thrasylo-

246 2838 328 2868 chus.

203 2881 354 2917 Philinus,
368 2881 537 2912 Nicostrati
548 2882 582 2917 f.‚
593 2880 625 2911 in
636 2880 833 2911 trierarohatu
845 2880 908 2911 col-

245 2926 316 2964 lega
331 2925 557 2955 Demosthenis.
573 2926 648 2960 566,
661 2925 712 2956 25.

202 2967 408 3010 Philippides,
418 2967 614 3004 trierarchus,
624 2968 715 2998 homo
727 2967 827 3004 dives,
843 2966 889 2998 Mi
894 2984 905 2991 -

982 252 1039 282 diae
1063 251 1229 281 studiosus.
1253 251 1327 286 581,
1351 252 1402 280 14.
1427 252 1502 286 583,
1517 253 1568 282 14.
1588 260 1641 282 ne-

982 295 1057 330 scio,
1074 305 1110 324 an
1134 295 1212 324 idem
1231 294 1271 324 sit
1290 304 1357 324 cum
1379 293 1556 335 Philippide
1574 293 1643 324 Pae·

981 338 1104 368 aniense
1121 348 1151 377 p.
1168 339 1263 372 1332,
1279 340 1330 368 24.

940 381 1111 420 Philippus,
1136 391 1190 410 rex
1214 379 1416 415 Macedoniae,
1432 380 1485 410 ille
1504 379 1643 409 celebra-

982 425 1129 460 tissimus,
1144 429 1175 453 et
1199 423 1229 452 in
1246 424 1427 463 Philippicis
1442 428 1533 462 atque
1550 421 1644 452 orati·

981 467 1090 497 ouibus
1106 477 1163 507 pro
1178 477 1287 496 corona
1304 471 1335 496 et
1352 468 1380 496 in
1398 466 1573 497 AEschinem
1591 476 1645 495 ex·

981 510 1126 550 agitatus,
1143 515 1173 540 et
1193 521 1278 549 paene
1299 510 1457 546 contritus,
1473 514 1507 539 ut
1525 518 1644 539 omnem

982 563 1083 583 earum
1097 554 1236 592 paginam
1254 552 1394 592 impleat,
1410 553 1500 582 bomo
1513 556 1646 589 astutus,

982 596 1162 636 acer,vigil,
1173 597 1320 626 insidians
1333 595 1405 625 nulli
1422 606 1480 626 nou
1497 599 1644 635 opportu-

982 639 1070 669 nitati
1081 640 1124 669 rei
1133 640 1208 669 bene
1216 640 1365 678 gerendae.
1378 641 1468 675 10,2.
1477 637 1648 678 Amphipo-

982 683 1038 718 lin,
1053 688 1116 712 tuni
1136 683 1283 722 Pydnam,
1301 682 1370 711 inde
1386 682 1562 717 Potidaeam,
1574 685 1646 720 post

982 726 1169 761 Methonam,
1193 726 1324 764 denique
1339 725 1531 755 Thessaliam
1549 724 1645 763 cepit.

986 771 1096 804 12,26.
1109 779 1146 798 ex
1159 769 1358 808 expeditione
1369 769 1495 808 Illyrica
1507 767 1648 808 [Olymp-

982 812 1066 848 cvl,
1084 811 1130 851 1.]
1158 822 1280 850 gravem
1305 812 1334 841 in
1361 813 1497 841 morbum
1525 810 1647 846 incidit,

983 855 1062 884 unde
1080 859 1114 883 ut
1136 855 1302 890 convaluit,
1319 856 1458 893 protinus
1480 854 1647 893 Olynthum

983 897 1110 927 adortus
1127 902 1184 927 est.
1200 899 1252 933 13,
1269 900 1299 927 2.
1315 897 1393 927 alius
1410 908 1478 927 eum
1493 897 1646 937 posterior

984 939 1097 970 invasit
1108 941 1231 970 morbus
1243 950 1297 979 per
1309 940 1536 980 expeditionem
1551 940 1648 969 'Phra-

985 983 1093 1020 cicam,
1106 983 1216 1022 hyeme
1232 983 1300 1013 anni
1317 983 1401 1013 tertii
1417 983 1541 1023 Olymp.
1557 982 1648 1014 ClX.

984 1026 1136 1066 impurus,
1152 1026 1296 1067 perfidus,
1312 1026 1649 1066 perjurusappellatur.

986 1072 1040 1106 19,
1065 1072 1096 1101 9.
1118 1081 1165 1110 sq.
1191 1070 1380 1100 ambitiosus.
1405 1072 1458 1107 23,
1482 1072 1534 1099 10.
1556 1068 1648 1099 amici

985 1114 1052 1152 ejus
1087 1113 1302 1143 comitatenses
1333 1113 1456 1150 lascivi,
1485 1112 1650 1147 luxuriosi,

984 1156 1109 1196 perditi.
1139 1158 1266 1191 23,12.
1295 1156 1441 1196 Epistolae
1466 1157 1543 1195 ejus.
1572 1157 1647 1187 158.

985 1202 1061 1231 238.
1077 1202 1152 1231 250.
1175 1202 1249 1230 280.
1273 1199 1345 1240 [hac
1362 1200 1401 1229 de
1426 1199 1566 1238 Philippi
1583 1198 1650 1238 epi-

986 1243 1074 1278 stola,
1090 1248 1121 1273 et
1137 1243 1306 1273 rationibus
1322 1242 1480 1282 temporis,
1497 1253 1557 1281 quo
1573 1241 1650 1271 scri-

987 1292 1041 1326 pta
1050 1287 1122 1322 fuit,
1133 1286 1236 1316 multis
1251 1286 1391 1325 disputat
1403 1286 1596 1316 CorsinusF.
1608 1285 1648 1315 A.

985 1339 1053 1359 cum
1064 1329 1148 1365 alibi,
1159 1335 1221 1359 tum
1236 1333 1257 1359 t.
1272 1330 1315 1358 11.
1329 1340 1359 1368 p.
1373 1330 1447 1359 462.
1464 1329 1514 1358 ubi
1526 1335 1649 1358 eonten-

985 1373 1043 1407 dit,
1067 1383 1126 1402 non
1153 1383 1228 1402 anno
1255 1372 1352 1410 primo
1379 1371 1502 1411 Olymp.
1529 1372 1650 1406 cvm.

987 1415 1130 1454 scriptam
1143 1426 1223 1450 esse,
1236 1415 1316 1454 qnod
1333 1415 1431 1444 visum
1448 1414 1505 1444 tuit
1521 1415 1649 1445 Usserio

986 1462 1017 1488 et
1033 1458 1206 1494 Dodwello,
1223 1458 1277 1488 .ed
1290 1457 1380 1488 tertio
1395 1458 1521 1497 Olymp.
1537 1458 1607 1487 CX.
1618 1463 1650 1488 et

986 1512 1043 1540 pro
1056 1501 1251 1542 Βοηδρομιῶνος
1268 1502 1328 1540 leg.
1345 1511 1414 1531 esse
1428 1500 1650 1541 Ἑκατομβαιῶ-

986 1543 1052 1585 νος.]
1070 1547 1143 1576 283.
1160 1548 1369 1583 argumentum
1388 1543 1527 1583 epistolae
1544 1555 1561 1573 a
1574 1544 1649 1574 Phi-

986 1587 1073 1627 lippo
1097 1587 1208 1627 legatis
1232 1587 1463 1618 Atheniensium
1493 1587 1616 1623 additae,
1632 1598 1650 1618 a

987 1641 1063 1671 paee
1076 1631 1209 1667 condita,
1222 1632 1309 1670 cnjus
1323 1632 1407 1660 faber
1418 1630 1581 1661 AEsehines
1596 1641 1651 1669 po-

986 1674 1139 1704 tissimum
1162 1675 1272 1710 suerat,
1292 1674 1414 1704 domum
1440 1673 1652 1704 redeuntibus.

987 1718 1273 1756 35⁶2,11.quando
1294 1717 1418 1748 Locrici
1439 1717 1512 1746 belli
1528 1717 1593 1746 dux
1611 1718 1650 1747 ab

989 1760 1265 1800 Amphictyonibus
1307 1761 1400 1790 suerit
1448 1765 1651 1799 nuncupatus,

989 1804 1099 1843 qnaerit
1121 1804 1242 1834 Corsin.
1260 1804 1298 1834 F.
1314 1804 1351 1833 A.
1374 1805 1398 1833 Ι.
1416 1814 1446 1843 p.
1465 1805 1538 1834 357.
1562 1803 1651 1833 initio

989 1848 1074 1886 regni
1089 1857 1158 1877 cum
1174 1848 1284 1885 Argaeo
1301 1847 1493 1886 pugnandum
1509 1846 1650 1883 habebat,

987 1891 1040 1930 qui
1061 1891 1155 1920 fretus
1172 1890 1402 1920 Atheniensium
1423 1900 1491 1928 ope,
1507 1890 1652 1918 Macedo-

987 1934 1067 1963 niam
1082 1934 1138 1963 sibi
1152 1934 1326 1972 arrogabat3
1345 1938 1549 1962 verumtamen
1563 1932 1652 1968 vicit,

989 1976 1184 2007 utblanditiis
1192 1976 1484 2011 usus‚Athenienses
1495 1977 1533 2005 ab
1541 1976 1650 2015 Argaeo

990 2020 1152 2050 abstraxit.
1176 2021 1250 2054 660,
1270 2021 1321 2050 13.
1345 2019 1510 2058 plurimum
1529 2018 1588 2048 sibi
1611 2019 1650 2048 ad

988 2064 1155 2103 potentiam
1166 2067 1373 2101 terroremque
1388 2062 1435 2091 sui
1449 2061 1564 2101 profuit
1580 2062 1651 2099 hoc,

990 2107 1071 2146 quod
1084 2106 1150 2145 ipse
1162 2116 1281 2136 suarum
1294 2115 1394 2135 rerum
1405 2104 1489 2135 solus
1497 2104 1650 2141 conscius,

990 2150 1115 2185 arbiter,
1132 2149 1359 2186 gubernator-‘et
1371 2153 1532 2178 exsecutor
1546 2158 1603 2187 per
1617 2158 1651 2178 se

990 2197 1081 2223 esset.
1106 2194 1178 2227 305,
1203 2194 1254 2222 26.
1277 2191 1512 2221 callentissimus
1535 2191 1652 2221 dicitur

991 2236 1077 2271 artis,
1089 2234 1312 2271 blandimentis,
1324 2234 1439 2270 officiis,
1454 2234 1651 2274 pollicitatio-

991 2279 1079 2308 nibus
1096 2278 1171 2307 alios
1187 2277 1244 2307 sibi
1260 2277 1469 2317 obstringendi
1487 2281 1576 2316 atque
1592 2277 1652 2308 cir-

991 2321 1212 2351 cumveniendi.
1228 2323 1322 2356 1468,
1334 2322 1385 2350 27.
1403 2320 1453 2350 ubi
1470 2320 1652 2350 Demosthe-

989 2376 1043 2395 nes
1054 2365 1180 2394 multum
1193 2363 1250 2393 sibi
1261 2364 1354 2393 fuisse
1365 2373 1451 2393 usum
1461 2362 1597 2402 Philippi
1607 2363 1652 2394 ait

989 2408 1020 2438 iu
1029 2407 1231 2447 legationibus
1241 2407 1319 2446 reip.
1330 2416 1402 2445 ergo
1412 2406 1450 2436 ad
1463 2416 1530 2435 eum
1543 2405 1650 2437 obitis.

988 2451 1103 2481 dicitur
1117 2461 1146 2489 p.
1162 2451 1319 2484 1477,15.
1332 2449 1492 2478 secundam
1502 2448 1651 2479 fortunam

987 2494 1083 2523 scisse
1099 2493 1253 2522 moderate
1269 2496 1358 2531 atque
1375 2492 1502 2520 humane
1517 2492 1606 2523 ferre.

947 2537 1121 2576 Philippus,
1139 2535 1310 2564 nauclerus.
1325 2536 1401 2569 743,
1419 2536 1469 2564 19.
1489 2536 1584 2571 1188,
1597 2537 1650 2567 20.

947 2580 1120 2619 Philippus,
1136 2578 1226 2607 istius
1242 2578 1375 2607 naucleri
1393 2577 1483 2612 filius,
1501 2578 1575 2618 aegri
1600 2588 1651 2608 ca-

988 2623 1060 2662 pitis
1073 2621 1235 2651 discrimen
1249 2620 1365 2660 ess'ugit.
1381 2622 1456 2655 743,
1470 2623 1522 2652 19.

946 2665 1124 2704 Philippus,
1141 2664 1336 2693 Androtinnis
1360 2663 1516 2693 studiosus
1540 2668 1572 2693 et
1594 2673 1650 2703 per

989 2719 1055 2738 eum
1072 2712 1192 2746 potenS.
1211 2708 1285 2741 605,
1299 2709 1329 2736 8.

946 2751 1123 2790 Philippus,
1140 2749 1192 2789 qui
1208 2750 1237 2779 in
1260 2760 1351 2779 causa
1368 2748 1490 2789 Aphobi
1510 2747 1650 2779 testimo-

987 2794 1067 2824 nium
1084 2794 1215 2823 dixerat.
1233 2795 1308 2828 851,
1322 2795 1374 2823 22.

944 2837 1110 2873 Philiscus,
1120 2835 1303 2875 Abydenus,
1316 2835 1344 2865 in
1356 2832 1573 2865 Ariobarzanis
1581 2844 1650 2873 gra-

985 2881 1068 2916 tiam,
1084 2879 1188 2909 Attica
1203 2879 1331 2909 civitate
1356 2878 1498 2913 donatus,
1520 2878 1648 2907 ductans

983 2923 1099 2954 milites
1126 2922 1339 2957 mercenarios,
1366 2921 1496 2950 vexabat
1524 2921 1650 2950 Graecas

982 2966 1135 2999 civitates.
1149 2967 1222 3004 666,
1238 2967 1288 2998 19.
1310 2967 1466 3006 peremtus
1481 2966 1528 2995 est
1543 2972 1561 2993 a
1571 2961 1648 2994 ‹luo-

1799 73 1801 81 .
1783 0 1813 65 ..ξῃ
