1822 3187
526 160 529 161 ⁷
568 143 632 184 IN
665 141 1156 185 DEMOSTHENEM.

127 246 327 284 Apollonides
338 246 629 277 Halicarnassensis.
646 250 718 283 934,
736 249 766 277 6.

127 289 326 328 Apollonides
340 290 547 330 Mitylenaeus.
563 294 657 325 1019,
673 294 723 322 14.

127 332 328 372 Apollonides
352 333 518 371 Olynthius
541 334 639 372 patria
672 333 829 371 expulsus,

170 376 251 413 quod
275 375 418 414 Philippo
444 376 667 405 adversaretur.
688 378 762 410 195,
779 378 829 405 15.

171 420 243 453 12⁷8,
261 421 291 449 9.
314 418 422 447 civitas
434 418 614 457 Attica,qua
623 419 750 447 donatus
768 419 831 446 sue-

169 467 226 495 rat,
251 460 279 490 ei
303 471 408 489 rursus
429 461 548 490 ademta
565 466 623 495 est,
639 461 718 499 quod
736 471 771 490 ea
787 461 831 489 vi-

171 513 222 532 sus
238 509 318 532 esset
331 503 482 537 indie-nus.
500 506 593 538 1376,
610 506 640 534 5.

125 545 352 584 Apollophanes
365 546 531 584 PydnaeuS,
548 547 634 584 cujus
651 546 728 575 filias
744 547 832 584 Saty-

168 599 218 617 rus
235 589 341 618 histrio
368 599 383 618 e
407 588 585 626 captivitate
602 589 740 618 redemit.
757 592 831 623 401,

169 633 221 662 25.
234 642 279 670 sq.
297 631 444 661 asicariis
455 632 592 661 sublatus
609 638 668 667 est,
685 643 701 660 a
719 632 831 670 Philip-

169 684 209 712 po
223 675 378 708 immissis,
389 675 474 711 cujus
485 674 606 703 fratrem
619 674 830 704 Alexandrum

169 717 395 755 Apollophanes
406 716 610 746 interemerat.
624 720 699 750 402,
715 720 765 746 11.

125 760 363 799 Apollophanes,
390 760 440 799 qui
472 770 539 789 cuin
568 761 771 789 Demosthene
801 760 829 789 in

169 803 302 832 secunda
324 804 387 840 ejus
410 804 447 831 ad
478 803 651 842 Philippum
677 803 830 839 legatione

168 846 237 880 fuit,
253 850 304 874 aut
319 848 356 874 ab
377 857 413 875 eo
436 846 589 876 redemtus
615 856 632 874 a
655 847 831 884 captivitate

167 888 236 918 fuit.
253 890 326 921 394,
345 890 374 918 3.

126 930 366 971 Apollophanes,
393 931 444 970 qui
461 931 646 970 Stephanum
671 931 830 967 conduxit,

168 975 206 1004 ad
231 974 312 1004 diem
333 974 521 1013 Apollodoro
536 974 711 1003 dicendum.
736 977 830 1009 1343,

174 1020 223 1048 19.

126 1061 247 1093 Aratus.
272 1060 324 1098 qui
341 1059 511 1097 Epitimum
528 1059 616 1089 titulo
632 1058 761 1098 ἐνδείξεως
776 1061 830 1089 de-

169 1103 329 1132 nuntiavit.
350 1105 445 1137 1489,
459 1103 513 1132 ult.

123 1147 238 1176 Aratus
255 1145 546 1175 Halicarnasseusis.
563 1147 635 1180 930,
654 1147 704 1175 19.

123 1190 262 1220 Arcades
279 1188 425 1227 Philippo
438 1189 534 1217 dediti
546 1188 746 1218 nominantur.
757 1190 831 1224 324,

169 1234 199 1261 8.
223 1231 308 1261 initio
325 1231 571 1271 belliPhilippici
583 1241 651 1260 cum
663 1232 832 1261 Macedone

169 1275 330 1304 faciehant.
361 1276 438 1309 344,
463 1277 494 1305 6.
538 1275 652 1303 statuis
683 1275 775 1303 aeneis
803 1279 833 1303 et

168 1318 291 1346 coronis
330 1317 429 1346 aureis
469 1327 538 1346 euni
578 1317 832 1346 condecorahant.

169 1363 243 1390 425.
260 1364 289 1389 1.

125 1403 284 1434 Archades
321 1401 358 1441 [f.
399 1401 584 1443 Archiades]
626 1402 832 1438 Mnesonidae,

169 1446 384 1476 Acharnensis.
402 1448 475 1481 929,
493 1448 544 1475 24.

125 1490 343 1527 Archebiades,
354 1489 663 1527 Lamprensis.1236,
681 1491 731 1518 15.

125 1532 345 1565 Archebiades,
369 1531 537 1560 Demotelis
562 1531 652 1565 tilius,
674 1530 833 1560 Alaeensis.

169 1576 265 1608 1259,
293 1579 322 1604 1.
349 1576 444 1609 1266,
463 1576 513 1603 20.
537 1575 624 1603 homo
649 1574 786 1612 impurus
804 1578 833 1602 et

170 1618 301 1652 infamis,
319 1619 413 1651 1267,
428 1620 479 1646 20.

125 1661 308 1693 Archebius.
343 1666 376 1689 ut
398 1660 530 1695 videtur,
559 1659 765 1693 Atheniensis,
795 1659 832 1687 ab

170 1705 356 1734 Euctemone
391 1709 562 1738 accusatus,
597 1704 680 1740 quod
716 1707 831 1740 partem

168 1746 312 1776 mercium
337 1746 556 1775 Naucratiticae
572 1745 671 1780 navis,
687 1756 703 1774 a
720 1744 831 1783 legatis

168 1790 207 1818 ad
222 1789 392 1818 Mausolum
409 1789 508 1817 missis
522 1790 709 1825 intercepta»,
722 1787 832 1816 retine-

167 1837 226 1868 ret,
243 1843 338 1871 neque
357 1832 430 1860 fisco
443 1833 597 1860 redderet.
612 1833 686 1865 703,
697 1832 747 1860 14.

125 1875 308 1910 Archebius,
338 1874 536 1913 Byzantinus,
565 1874 704 1912 patriam,
733 1874 832 1910 ejecto

169 1919 319 1956 Spartano
351 1918 505 1956 praesidin,
537 1917 777 1946 Atheniensibus
803 1921 833 1944 et

168 1960 358 2000 Thrasybulo
374 1961 519 1989 reddidit.
543 1961 616 1995 475,
638 1962 668 1990 3.
692 1959 834 1989 studebat

169 2003 415 2034 Atheniensibus.
432 2005 506 2039 683,
522 2013 593 2041 pen.

125 2047 307 2077 Archedemi
321 2046 398 2075 filius
409 2056 425 2074 a
435 2047 587 2084 Stephano
605 2050 727 2085 paterna
742 2044 832 2073 domo

170 2091 297 2128 ejectus.
314 2090 408 2122 1123,
425 2091 455 2118 Q.

125 2133 317 2167 Archeneus,
329 2131 502 2165 invidetur,
514 2130 740 2160 nummularius.
757 2131 817 2160 861
826 2151 834 2163 ,

171 2177 222 2206 25.
238 2178 333 2209 1215,
349 2178 399 2204 21.

80 2237 81 2240 =
126 2218 376 2252 Archenomides,
393 2215 654 2252 Archedamantis,
675 2216 831 2254 Anagyra-

170 2261 245 2291 sius.
261 2263 335 2295 927,
351 2264 403 2291 15.

126 2304 366 2334 Archenomides
381 2302 530 2333 Stratonis
543 2300 714 2330 Thriasius.
727 2302 832 2335 935,1.

125 2347 341 2377 Archestratus
357 2345 513 2386 trapezita.
524 2347 597 2379 957,
611 2346 663 2374 25.

125 2389 302 2424 Archetion,
313 2389 364 2428 qui
381 2389 486 2419 Midiae
500 2388 649 2416 luxuriam
661 2391 751 2425 atque
761 2385 834 2415 mol-

170 2432 264 2461 litiem
280 2433 425 2461 traduxit.
442 2433 517 2464 558,
534 2433 585 2460 21.

126 2474 308 2510 Archiades,
333 2476 419 2513 cujus
441 2475 480 2503 de
502 2472 671 2502 hereditate
692 2471 731 2500 lis
754 2471 833 2500 inter

169 2518 350 2547 Leocratem
366 2523 396 2546 et
408 2516 635 2546 Aristodemum
650 2520 725 2544 orta.
736 2516 830 2547 1081,

170 2562 200 2590 2.
217 2569 264 2598 sq.
287 2559 343 2589 tuit
359 2559 560 2598 Euthymachi
577 2558 669 2592 fitius,
681 2558 830 2595 Otryneu·

171 2601 224 2631 sis.
241 2605 337 2636 1083,
353 2605 383 2633 5.

126 2644 258 2675 Archias
282 2644 477 2684 hierophanta
499 2644 538 2672 ob
562 2642 675 2673 delicta
695 2642 829 2682 quaedam

170 2687 253 2716 circa
269 2697 353 2716 sacra
368 2687 502 2726 punitus.
518 2687 615 2721 1384,
632 2688 683 2715 28.

125 2730 256 2760 Archias
286 2730 510 2767 chotargensis‚
537 2728 688 2764 laudatur,
722 2731 756 2757 ut
783 2725 832 2756 vir

170 2773 284 2811 probus
298 2777 329 2802 et
340 2772 451 2801 civilis.
465 2773 540 2805 605,
556 2772 609 2802 25.

127 2814 342 2850 Archidamus,
367 2813 558 2847 Zeuxidami,
577 2823 632 2843 rex
656 2813 832 2852 Spartanus,

171 2857 254 2886 delet
270 2857 411 2886 Plataeas.
427 2857 522 2891 1378,
538 2857 589 2885 18.

127 2899 302 2934 Archidice‚
327 2899 388 2929 tilia
401 2897 618 2937 Euthymachi,
639 2896 834 2936 Otrynensis,

172 2951 249 2972 uxor
266 2941 416 2972 Leostrati
428 2939 588 2972 Eleusinii.
601 2941 697 2975 1083,
713 2941 744 2970 6.

1488 145 1568 186 297

866 245 1080 276 Archilochus.
1098 250 1192 284 1061,
1208 253 1258 281 18.

866 287 1099 318 Archimachus.
1123 294 1217 325 1064,
1235 295 1285 323 22.

867 330 1167 370 Archinusmajorem
1186 334 1215 362 in
1232 335 1353 365 modum
1370 337 1521 373 laudatur,
1538 342 1571 367 ut

909 373 956 402 vir
978 375 1017 403 de
1032 375 1068 403 P.
1089 375 1127 403 A.
1155 376 1269 413 optime
1294 379 1430 413 meritus,
1455 381 1571 420 quippe

907 415 970 454 qui,
984 417 1083 455 Phyla
1098 420 1287 456 occupanda,
1304 420 1453 451 libertatis
1466 429 1572 453 auctor

909 461 1122 498 recuperanda?
1150 461 1247 490 factus
1279 462 1331 496 sit,
1362 464 1495 502 Strategi
1522 466 1572 495 ho-

908 511 1009 531 norem
1025 513 1081 531 non
1097 504 1189 532 semel
1209 504 1349 541 gesserit,
1368 507 1493 544 aliisque
1507 518 1571 538 mo-

907 544 957 574 dis
979 547 1077 575 civem
1098 556 1130 575 se
1146 546 1322 584 praeclarum
1341 550 1479 585 gesserit.
1495 552 1570 586 74⁶2,

909 590 960 617 25.

864 630 1029 668 Archippe,
1057 641 1135 659 uxor
1155 630 1241 661 initio
1258 632 1410 668 Pasionis,
1437 638 1574 672 postmo-

907 673 976 701 dum
1002 674 1205 703 Phormionis.
1225 679 1320 704 mater
1343 676 1524 714 Apollodori
1541 683 1571 707 et

910 715 1050 744 Pasiclis.
1070 718 1205 751 1110,5.
1251 718 1393 747 Phormio
1413 718 1440 748 ei
1463 720 1570 748 defun-

907 762 963 786 ctae
980 759 1170 796 magnificum
1183 765 1407 790 monumentum
1423 762 1571 792 condidit.

908 803 1003 836 1125,
1022 804 1071 830 14.
1096 802 1218 830 videtur
1234 812 1279 837 ea,
1295 805 1456 842 superstite
1473 805 1571 834 adhuc

906 843 1050 879 Pasione,
1077 844 1262 880 Phormioni,
1279 856 1368 875 servo
1385 857 1451 882 suo,
1476 849 1573 888 stupri

908 887 1125 916 consuetudine
1141 888 1313 924 conciliata,
1325 889 1473 919 Pasiclem
1481 901 1520 920 ex
1535 902 1571 920 eo

908 930 1076 967 peperisse.
1107 933 1202 965 1126,
1218 933 1269 960 27.
1296 935 1393 968 1127,
1408 935 1439 963 5.
1463 933 1571 963 deces-

909 972 992 1001 sitin
1015 973 1180 1002 continenti
1202 978 1272 1011 post
1295 975 1426 1004 reditum
1444 977 1571 1013 Apollo-

907 1014 974 1043 dori
996 1016 1033 1043 ab
1057 1016 1254 1053 expeditione
1278 1016 1307 1046 in
1330 1018 1499 1054 Thraciam,
1515 1019 1571 1048 im-

909 1064 1046 1096 peratore
1063 1058 1267 1088 Timomacho.
1286 1062 1380 1096 1225,
1394 1064 1426 1090 4.

865 1101 1052 1139 Archippus.
1079 1102 1280 1140 Euthymachi
1300 1103 1393 1139 filius,
1417 1105 1572 1145 Otrynen-

909 1143 962 1172 sis.
981 1145 1074 1178 1083,
1090 1144 1121 1174 5.

865 1186 1039 1224 Archippus
1050 1187 1286 1224 MyrrhinnsiuS.
1303 1190 1377 1223 897,
1392 1191 1442 1219 10.

866 1228 1018 1267 Archytas
1040 1229 1220 1259 Tarentinus
1238 1241 1345 1268 magna
1370 1232 1477 1270 polluit
1490 1233 1571 1271 apud

910 1272 995 1300 cives
1020 1273 1210 1308 auctoritate,
1236 1283 1323 1311 quem
1350 1275 1479 1304 fructum
1504 1276 1575 1306 tulit

910 1313 1124 1343 familiaritatis
1141 1325 1208 1344 cum
1222 1315 1361 1345 Platone.
1378 1319 1473 1351 1415.
1491 1320 1518 1347 9.

867 1357 1063 1391 Arethusius,
1082 1357 1173 1387 frater
1185 1359 1365 1394 Nicostrati,
1375 1370 1463 1399 quem
1476 1361 1573 1390 oratio

910 1410 939 1437 p.
959 1401 1053 1433 1246,
1070 1410 1116 1439 sq.
1132 1400 1309 1432 insectatur.

867 1442 1009 1479 Argaeus,
1040 1443 1090 1472 cui
1117 1444 1319 1474 Athenienses
1351 1444 1513 1475 studebant
1543 1450 1573 1475 et

909 1491 1022 1524 praesto
1048 1492 1144 1521 eraut,
1164 1498 1231 1516 cnm
1259 1486 1402 1526 Philippo
1425 1489 1462 1517 de
1478 1498 1573 1528 regno

911 1529 1112 1557 Macedonico
1129 1530 1268 1559 certanti.
1287 1533 1362 1565 660,
1380 1532 1430 1560 13.

867 1571 975 1608 Argivi
994 1581 1130 1609 magnam
1151 1583 1222 1611 erga
1245 1572 1280 1602 P.
1300 1575 1337 1603 A.
1355 1573 1540 1612 exsulesque
1556 1585 1574 1604 a

909 1614 1016 1643 XXX
1035 1615 1170 1653 tyrannis
1191 1621 1317 1645 exactos
1331 1616 1574 1647 demonstrarunt

908 1657 1162 1694 benevolentiam,
1194 1664 1224 1687 et
1255 1659 1495 1689 Lacedaemoniis
1519 1671 1573 1690 eos

909 1700 946 1729 ad
972 1700 1154 1739 supplicium
1177 1701 1429 1739 deposcentibus,
1452 1703 1573 1732 tradere

909 1742 1061 1773 nolebant.
1081 1745 1152 1778 196,
1167 1754 1239 1783 pen.
1283 1744 1463 1782 Argivorum
1475 1745 1574 1776 dediti

913 1785 1056 1824 Philippo
1073 1787 1264 1816 nominantur
1276 1798 1306 1826 p.
1324 1789 1398 1822 324,
1411 1789 1442 1817 9.
1454 1789 1530 1824 425,
1540 1791 1573 1819 4.

866 1828 1026 1865 ArgyriuS.
1044 1839 1072 1857 v.
1087 1830 1270 1867 AgyrrhiuS.

868 1871 1099 1906 Ariobarzanes,
1123 1873 1249 1912 Sati-apa
1274 1871 1392 1910 Lydiae,
1418 1876 1449 1901 et
1464 1873 1570 1909 Ioniae,

909 1914 1013 1943 delicit
1025 1924 1042 1942 a
1057 1925 1127 1951 rege
1145 1916 1315 1944 Persarum.
1328 1917 1399 1949 192,
1415 1915 1470 1945 ult.
1494 1926 1511 1946 a
1523 1917 1574 1946 'ri-

910 1957 1042 1990 motheo,
1058 1958 1108 1996 qui
1125 1957 1152 1986 ei
1167 1957 1330 1987 subvenire
1341 1959 1447 1996 jussus
1464 1958 1571 1995 fuerat,

911 1999 1099 2029 destituitur.
1115 1999 1189 2029 ibid.
1218 2000 1288 2039 ipse
1304 2010 1373 2028 cum
1389 2001 1487 2030 tribus
1504 2002 1572 2031 filiis

910 2043 946 2071 ab
960 2042 1198 2072 Atheniensibus
1210 2043 1336 2072 civitate
1349 2043 1486 2073 donatur.
1497 2046 1572 2081 666,

912 2088 962 2114 18.
987 2087 1060 2120 687,
1077 2087 1128 2115 27.

868 2127 1060 2158 Aristaechmi
1083 2127 1137 2156 filii
1162 2137 1282 2157 causam
1304 2126 1398 2165 patris
1424 2126 1572 2156 adversus

911 2170 1144 2199 Nausimachum
1171 2175 1203 2199 et
1228 2169 1428 2208 Xenopithen
1457 2169 1574 2204 dicunt,

912 2223 1037 2252 quorum
1055 2213 1178 2242 tutelam
1200 2216 1286 2251 pater
1304 2212 1453 2252 quondam
1471 2222 1573 2251 gesse·

911 2260 967 2287 rat.
984 2258 1057 2289 984,
1074 2266 1119 2295 sq.

868 2298 1095 2333 Aristaechmus‚
1114 2298 1218 2332 Eleus,
1235 2297 1385 2337 proditor.
1396 2298 1470 2333 324,
1485 2300 1535 2327 11.

868 2341 1074 2376 Aristarchus,
1102 2341 1222 2370 Moschi
1245 2341 1337 2375 filius,
1360 2340 1454 2370 caedis
1469 2340 1498 2369 in
1514 2339 1572 2369 Ni-

911 2385 1037 2413 codemo
1053 2384 1182 2422 quodam
1204 2387 1388 2422 perpetratae
1404 2386 1572 2416 accusatur,

911 2437 1036 2465 eamque
1052 2427 1081 2455 in
1105 2435 1226 2455 causam
1251 2425 1473 2455 Demosthenes
1497 2435 1573 2463 quo·

909 2480 979 2508 que,
992 2469 1107 2498 malitia
1116 2468 1231 2503 Midiae,
1241 2468 1425 2507 implicatur.
1435 2469 1508 2502 548,
1524 2470 1573 2498 14.

910 2511 1040 2552 [Midias
1061 2512 1140 2541 enim
1156 2521 1305 2540 rumorem
1321 2512 1493 2549 spargebat,
1510 2511 1574 2539 De-

907 2555 1093 2584 mosthenem
1110 2553 1286 2583 Aristarcho
1301 2558 1452 2582 auctorem
1469 2552 1573 2588 fuisse,

909 2603 942 2627 ut
952 2597 1163 2631 Nicodemum,
1173 2597 1320 2625 hominem
1332 2595 1462 2630 Eubulo,
1473 2594 1573 2623 inimi-

909 2651 946 2670 co
978 2639 1205 2673 Demosthenis,
1227 2639 1376 2672 deditum,
1406 2638 1573 2667 occideret.

909 2681 1028 2721 Schol].
1051 2682 1150 2710 caedes
1167 2681 1218 2710 illa
1230 2680 1357 2718 contigit
1370 2684 1441 2718 post
1456 2680 1572 2719 alapam

909 2736 926 2754 a
941 2725 1041 2754 Midia
1058 2723 1257 2754 Demostheni
1272 2723 1414 2752 inflictam
1425 2722 1454 2752 in
1464 2733 1494 2752 v.
1505 2722 1572 2752 τότε

909 2778 976 2797 curn
993 2768 1035 2795 νῖν
1051 2777 1139 2796 versu
1164 2769 1195 2797 8.
1216 2765 1370 2803 opposito.
1394 2767 1470 2800 549.
1482 2767 1513 2796 6.
1539 2765 1571 2795 iu

909 2809 1017 2843 τούτοις
1028 2810 1090 2842 τοῖς
1104 2810 1187 2848 μετὰ
1202 2809 1309 2837 ταῦτα.
1326 2809 1400 2843 550,
1413 2810 1463 2837 10.

867 2851 1032 2888 Aristides,
1048 2851 1102 2880 ille
1117 2851 1249 2885 celeber,
1272 2851 1367 2886 Justi,
1390 2850 1440 2880 vel
1466 2849 1571 2889 AEqni‚

910 2893 1086 2933 cognomine
1101 2893 1213 2929 clarus,
1228 2893 1372 2923 salutaria
1383 2898 1415 2923 et.
1426 2893 1574 2932 praeolara

911 2935 1059 2967 suadendi
1076 2935 1250 2970 studiosior,
1276 2946 1364 2975 quam
1378 2936 1491 2975 populo
1508 2935 1574 2974 pla-

874 2980 893 3009 2
911 2990 930 3011 Q
