1822 3187
197 136 282 176 296

237 247 348 271 stoi-cm
366 246 395 271 et
406 247 512 271 contra
523 243 720 272 fundatorem
733 242 839 272 fuisse.
853 244 907 272 Ρα-

237 290 284 315 ter
299 286 364 323 ejus
381 285 474 314 multa
492 287 586 315 lustra
603 286 632 316 in
649 297 770 315 carcere
795 295 907 324 exege-

238 333 297 362 rat,
317 328 394 357 unde
414 329 533 358 tandem
551 329 729 361 auffueerat.
746 331 821 362 7:39,
840 330 892 358 ult.

198 371 388 407 Anemoetes,
410 372 508 402 fautor
529 372 815 412 Philippiffrhebis.
832 374 908 406 324,

244 416 292 444 16.

196 458 385 493 Antalcidas,
411 468 427 488 e
447 469 506 497 quo
533 468 593 497 pax
612 458 662 487 illa
678 457 810 488 celebris
825 457 908 486 dicta

239 506 298 530 est.
315 503 389 536 473,
407 504 437 531 8.
452 504 526 536 666.
544 506 572 531 7.

200 544 372 574 Anthemio.
388 547 482 579 1157,
502 547 550 574 15.

196 588 459 618 Anthemocritum
479 587 691 617 Atheniensem
711 587 908 624 Megarenses

239 631 441 666 sustulerunt,
468 642 555 670 quain
573 631 689 660 caedem
711 640 793 669 aegre
808 630 905 658 feren·

241 682 286 703 tes
313 674 515 705 Athenienses
539 676 646 704 acerbe
666 674 720 704 ulti
737 679 816 703 sunt.
836 675 908 709 159,

242 720 295 747 19.

197 761 299 794 Antia,
313 761 470 791 meretrix.
487 763 580 796 13:31,
599 763 649 790 14.

197 804 407 838 Antidoridas,
431 805 549 834 Neaerae
566 805 658 837 lilius,
680 803 732 842 qui
751 812 907 832 cursorem

243 848 332 877 stadii
349 849 468 888 agebat.
488 850 582 883 1386,
601 850 651 877 10.

195 890 366 920 Antitlorus
376 892 404 920 in
418 891 591 929 exemplum
605 889 784 929 proponitur
792 899 908 923 eorum,

240 934 352 972 quibus
370 934 494 972 pupillis
510 944 584 973 opes
601 943 656 972 per
670 938 801 962 tutorum
820 932 906 961 tidem

242 982 332 1015 atque
349 977 529 1005 industriam
547 977 730 1005 crevissent.
746 977 822 1007 831.
837 985 907 1014 pen.

198 1020 377 1059 Antigenes,
391 1031 497 1049 servus
516 1019 696 1049 Pantaenet't.
712 1021 787 1051 975.
803 1021 854 1049 28.

197 1063 407 1097 Antimachus,
421 1063 571 1092 Timothei
585 1069 729 1101 quaestor.
748 1064 843 1096 1186,
856 1064 908 1091 ⁶20.

237 1106 356 1145 judicio
373 1106 479 1145 populi
496 1110 592 1135 morte
615 1105 789 1135 mulctatus.
815 1108 908 1140 1187,

242 1152 292 1179 10.
316 1149 475 1179 facultates
488 1151 566 1188 ejus,
582 1154 705 1179 auctore
723 1148 909 1185 Callistrato,

242 1192 326 1222 fuere
341 1193 522 1222 confiscatae.
542 1194 635 1227 1197,
653 1202 721 1231 pen.

200 1236 409 1271 Antimachus,
427 1236 505 1265 fitius
523 1235 724 1269 Archestrati,
742 1235 911 1274 trapezitae,

245 1280 334 1308 homo
350 1279 378 1308 in
396 1290 427 1308 re
445 1279 586 1309 familiari
603 1284 740 1317 angusta.
760 1281 833 1312 958.
851 1283 902 1308 10.

200 1322 383 1357 Antiochus,
400 1323 478 1352 fitius
497 1322 655 1357 Herculis,
670 1332 840 1361 eponymus
857 1323 910 1352 tri-

246 1367 300 1395 bus
319 1366 578 1396 Antiochidarurn.
600 1367 736 1399 1399‚7.

200 1408 374 1448 Antipater,
392 1410 505 1438 amicus
522 1415 553 1438 et
570 1408 748 1438 administer
774 1408 910 1448 Philippi

246 1451 348 1491 [pater
360 1451 555 1492 Cassandri}
569 1454 641 1483 36⁴2.
655 1462 726 1490 pen.
752 1452 818 1489 ejus
829 1462 911 1481 men·

244 1496 288 1525 tio
308 1496 348 1530 tit,
363 1505 419 1535 per
432 1506 553 1525 causam
566 1495 638 1525 belli
652 1494 800 1524 Lamiaci.
816 1497 911 1531 1491,

243 1541 274 1569 6.
291 1549 342 1578 ep.
359 1541 389 1568 6.

202 1583 365 1621 Antipater
381 1582 548 1612 Cittiensis.
562 1583 636 1616 933,
653 1584 705 1612 23.

200 1626 390 1665 Antiphanes
414 1625 619 1666 Lamprensis.
639 1627 732 1660 1188,
753 1627 803 1655 19.

204 1670 386 1709 Antiphilus
407 1669 613 1703 Hatimusius,
633 1669 795 1698 Eubulidae
812 1672 910 1707 pater,

244 1724 311 1742 cum
325 1713 419 1748 demi,
443 1723 496 1742 seu
521 1712 682 1751 municipii
703 1712 749 1741 sui
767 1712 911 1750 magister

244 1761 340 1790 esset,
356 1756 487 1795 fingebat
511 1756 568 1785 sibi
592 1756 727 1785 codicem
746 1755 917 1784 lexiarchi-·

244 1810 313 1828 cum
340 1801 468 1838 perisse,
495 1810 555 1838 quo
582 1799 693 1828 tectius
709 1805 799 1837 atquc
816 1799 909 1828 tutius

243 1843 431 1881 peregrinus,
446 1844 614 1872 mercedem
627 1853 727 1880 operae
744 1842 864 1876 dantes,
881 1842 909 1871 in

245 1885 346 1915 album
364 1885 554 1921 inscriberet,
577 1886 712 1914 insontes
737 1885 833 1918 cives,
858 1891 909 1913 aut

246 1939 358 1960 exosos
375 1928 446 1964 sibi,
471 1934 523 1958 aut
545 1929 705 1967 cupiditati
732 1939 793 1956 suae
819 1938 909 1966 repu-

245 1978 384 2011 gnantes,
397 1977 603 2011 expungeret.
623 1973 717 2006 1306.
735 1974 786 2001 22).
813 1972 909 2006 1317,

202 2059 379 2098 Antiphilus
394 2058 591 2088 Paeaniensis.
607 2060 681 2092 549,
699 2061 751 2088 ⁶22.

203 2103 389 2141 Antiphilus,
412 2103 513 2131 nescio
530 2102 595 2141 qui,
613 2113 699 2139 quem
731 2101 911 2131 Demosthe-

244 2156 298 2175 nes
315 2146 446 2184 epistola
462 2145 576 2174 ultima.
592 2148 688 2180 1491,
707 2148 735 2174 ⁰2.
752 2155 800 2182 ep.
817 2148 845 2175 6.
871 2145 913 2173 ait

245 2190 350 2219 literas
368 2190 406 2218 ad
422 2190 586 2218 soederatns
609 2189 636 2217 in
663 2189 743 2218 bello
769 2188 911 2217 bainiaco

243 2233 376 2263 dedisse.

200 2276 344 2316 Antipho,
362 2276 413 2315 qui
429 2275 497 2305 albo
511 2273 623 2304 civium
641 2275 711 2304 Ath.
727 2279 912 2313 expunctus,

242 2321 280 2349 ad
301 2320 476 2359 Philippum
493 2318 641 2357 perfugit,
660 2319 708 2348 cui
723 2318 841 2356 recepit
859 2327 911 2347 na-

244 2363 312 2393 vale
330 2363 400 2392 Ath.
417 2363 622 2391 incensurum.
638 2364 711 2395 0271,
725 2363 755 2390 7.
779 2361 831 2391 sed
847 2372 910 2399 poe-

242 2417 297 2436 nas
313 2405 382 2445 ejus
404 2405 446 2434 rei
470 2405 555 2434 dedit
573 2405 685 2443 capite,
704 2410 829 2443 urgente
849 2404 910 2433 De-

239 2450 410 2483 mosthene,
431 2454 520 2486 atque
547 2454 655 2477 senatu
681 2448 910 2487 Areopagitico.

243 2503 274 2522 v.
292 2491 446 2522 Plutarch.
464 2501 494 2530 p.
512 2493 564 2521 30.
581 2491 651 2520 fort.
678 2492 758 2520 idem
784 2497 841 2525 est,
869 2491 907 2519 de

240 2546 301 2575 quo
314 2534 503 2574 Theopompi
519 2534 606 2563 locus
631 2535 710 2574 apud
736 2533 861 2563 Suidam
880 2545 908 2563 v.

220 2595 222 2597 >
238 2579 274 2609 Τί
285 2578 364 2608 ἐστιν
378 2582 603 2608 commemorat.

196 2622 397 2652 Antisthenes
411 2621 567 2660 trapezita.
586 2622 661 2655 957,
675 2622 727 2649 94.

196 2666 376 2704 Apaturius,
386 2665 556 2703 negotiator
567 2663 766 2703 Byzantinus,
777 2661 806 2691 in
816 2672 905 2701 quem

240 2708 392 2738 invehitur
406 2708 504 2737 oratio
522 2718 552 2746 p.
571 2709 645 2738 892.
665 2717 710 2744 sq.

196 2751 331 2791 Apharei
370 2761 463 2780 causa
495 2750 641 2780 adversus
666 2749 906 2786 Theophemum.

243 2796 337 2829 1148,
352 2796 401 2824 16.
418 2796 512 2829 1Ξ40,
529 2796 559 2823 8.

196 2837 368 2878 Aphepsio,
392 2838 470 2866 filius
490 2836 644 2875 Bathippi,
660 2845 782 2864 causam
796 2834 906 2863 adver-

219 2896 222 2899 ⁴
238 2891 291 2911 sus
309 2880 446 2918 Leptinae
463 2880 561 2919 legem
577 2880 615 2908 de
633 2878 782 2908 abolenda
797 2878 905 2907 immn-

236 2924 330 2953 nitate
362 2922 533 2956 dic-endam,
569 2933 585 2952 a
610 2922 768 2960 Bathippo
799 2921 903 2950 incho—

217 2972 326 3000 atam,
353 2965 406 2995 sed
431 2967 498 3004 ejus
520 2966 652 2996 decessu
668 2963 902 3003 interpellatam,

634 133 826 176 INDEX
864 133 1229 176 HISTORICUS

985 241 1085 271 denuo
1101 242 1242 281 suscipit,
1267 240 1447 272 Phormione
1462 245 1580 272 oratore
1601 250 1656 282 pro

985 285 1052 325 ipso
1070 285 1202 315 dicente.
1220 286 1296 320 453,
1314 286 1363 315 13.
1375 295 1422 324 sq.
1436 286 1509 320 501,
1525 285 1556 316 9.

942 329 1138 367 Aphobetus,
1166 329 1258 358 frater
1288 327 1458 358 AEschinis.
1491 329 1567 364 414,
1598 327 1652 358 utt.

986 377 1050 401 erat
1061 372 1323 412 ὑπογραμματεὺς,
1332 374 1492 410 exceptor,
1505 380 1558 400 seu
1571 379 1651 399 com-

986 416 1210 450 mentariensis,
1235 414 1351 444 ordinis
1368 412 1553 444 secundarii.
1575 413 1652 448 415,

985 459 1016 488 3.
1061 458 1157 487 Schot.
1175 469 1213 487 ex
1233 457 1464 497 insequentibus
1486 454 1652 495 colligitur,

985 511 1052 530 eum
1071 501 1107 529 ad
1125 501 1248 531 altiores
1258 501 1385 531 honores
1399 499 1607 530 adscendisse.

943 543 1103 582 Aphobus,
1127 555 1142 573 e
1156 544 1306 574 tutoribus
1324 543 1550 578 Demosthenis,
1565 551 1655 581 quem

988 588 1209 617 Demosthenes
1222 587 1343 617 actione
1358 587 1461 616 tutelae
1475 585 1614 625 improbe
1623 589 1655 615 et

986 629 1137 668 flagitiose
1149 635 1244 669 gestae
1258 630 1425 660 insectatus
1442 633 1491 659 est
1501 639 1519 658 a
1529 639 1562 669 p.
1577 629 1654 658 813.

987 673 1023 702 ad
1043 683 1073 711 p.
1091 675 1165 705 880.
1191 674 1264 704 tanti
1287 674 1448 703 damnatus
1472 677 1531 708 est,
1547 670 1653 710 quanti

988 717 1211 747 Demosthenes
1233 717 1318 747 litem
1333 717 1556 752 aestimaverat3
1581 714 1610 744 h.
1624 725 1654 744 ο.

986 759 1091 788 decem
1108 761 1249 798 talentis3
1271 760 1304 790 id
1323 760 1402 799 quod
1430 758 1543 799 passim
1570 758 1654 787 loco-

986 813 1051 831 rum
1076 804 1245 833 orationum
1271 804 1299 833 in
1316 803 1476 843 Aphobum
1503 801 1655 831 dictarum

988 845 1087 880 tertia,
1104 857 1159 884 pro
1178 847 1281 876 Phano
1297 846 1456 886 inscripta,
1478 849 1606 875 testatur
1621 854 1653 883 p.

986 891 1060 923 844,
1077 899 1122 927 sq.
1140 893 1205 918 erat
1220 889 1247 919 ei
1265 889 1345 918 filius
1361 888 1563 928 cognominis.
1579 888 1653 922 845,

989 933 1039 960 14.
1073 936 1139 961 erat
1165 931 1364 961 Demostheni
1394 930 1592 966 necessarius,
1621 935 1655 960 ut.

987 974 1035 1004 hic
1058 975 1172 1012 passim
1189 980 1329 1005 testatur.
1350 973 1419 1008 Θεῖος
1439 976 1504 1013 ejus
1519 973 1654 1013 appella-

987 1022 1036 1046 tur
1054 1018 1166 1047 Demo.
1184 1021 1258 1053 850,
1279 1020 1329 1049 15.
1353 1018 1438 1056 atqui
1456 1018 1555 1047 Demo
1569 1016 1652 1046 idem

988 1061 1205 1091 Demosthenis
1222 1071 1342 1100 quoque
1359 1059 1427 1095 Θεῖος
1443 1065 1518 1090 erat.
1551 1059 1657 1099 Quod·

987 1104 1013 1133 si
1039 1115 1112 1143 ergo
1135 1106 1314 1134 vocabulum
1341 1105 1397 1134 hoc
1420 1100 1567 1143 patruum
1590 1105 1618 1133 h.
1634 1103 1655 1132 l.

987 1147 1148 1187 significat,
1165 1158 1292 1178 necesse
1308 1152 1365 1183 est,
1382 1152 1415 1178 ut
1430 1147 1554 1187 Aphobi
1570 1154 1657 1186 pater

988 1191 1080 1220 frater
1096 1191 1187 1220 fuerit
1199 1191 1414 1221 Demosthenis
1425 1189 1565 1225 senioris,
1577 1190 1655 1228 ejus,

986 1234 1038 1272 qui
1063 1234 1191 1263 oratoris
1217 1240 1302 1274 pater
1325 1235 1391 1264 fuit.
1436 1234 1549 1263 Verum
1577 1233 1654 1266 θεῖος

987 1278 1169 1307 uvnnculnm
1186 1288 1307 1317 qunque
1323 1276 1485 1317 significat.
1530 1275 1654 1312 Quodsi

988 1331 1060 1359 ergo
1087 1322 1185 1350 Demo
1209 1321 1301 1357 idem,
1329 1331 1418 1359 quem
1439 1319 1654 1350 Demosthenis

987 1363 1117 1393 oratoris
1132 1369 1272 1403 patruum
1291 1363 1387 1394 fuisse
1403 1368 1532 1398 constat,
1548 1363 1654 1402 Apho-

989 1406 1020 1435 bi
1038 1407 1092 1436 fuit
1109 1408 1289 1447 avunculus,
1305 1418 1429 1437 necesse
1440 1411 1498 1443 est,
1511 1411 1544 1436 ut
1556 1410 1653 1435 mater

988 1450 1109 1488 Aphohi
1126 1461 1214 1480 soror
1236 1451 1330 1480 fuerit
1358 1448 1576 1480 Demosthenis
1602 1459 1652 1479 se-

987 1493 1066 1528 nior,
1082 1504 1135 1522 seu
1148 1494 1278 1523 oratoris
1291 1498 1408 1533 patrna.
1424 1495 1499 1528 854,
1517 1494 1567 1522 12.

945 1536 1108 1575 Apolmds,
1127 1537 1187 1566 filia
1213 1537 1389 1576 Prospaltii,
1415 1541 1511 1566 mater
1533 1536 1656 1566 Macar-

988 1580 1054 1614 tati,
1077 1580 1106 1609 in
1131 1590 1220 1619 quem
1242 1580 1295 1610 illa
1319 1580 1418 1610 oratio
1442 1580 1527 1609 dicta
1551 1583 1599 1608 est
1624 1588 1653 1618 p.

988 1625 1082 1658 1066,
1097 1627 1125 1653 1.

944 1668 1106 1706 Apolexis.
1123 1677 1230 1696 nomeu
1248 1666 1347 1697 virile.
1365 1668 1460 1701 1120,
1474 1667 1526 1696 27.

944 1710 1163 1749 Apollodorus,
1185 1710 1323 1740 Pasionis
1333 1710 1423 1749 tilius,
1438 1706 1655 1742 Acharnensis,

987 1765 1079 1783 causa
1099 1754 1247 1782 adversus
1271 1754 1487 1783 Phormionem
1510 1753 1552 1781 ita
1575 1751 1657 1781 ceci-

987 1797 1043 1832 dit,
1061 1802 1091 1826 ut
1109 1797 1177 1835 ipsa
1190 1807 1244 1835 pro
1258 1808 1291 1826 se
1304 1796 1424 1826 dicendi
1438 1795 1538 1835 copia,
1555 1799 1654 1824 sexta·

986 1851 1044 1878 que
1074 1839 1138 1869 litis
1159 1841 1315 1869 aestimatae
1338 1845 1421 1880 parte
1444 1840 1654 1869 mulctaretur.

989 1885 1083 1918 1103,
1118 1886 1166 1913 15.
1198 1884 1268 1912 lites
1287 1884 1353 1920 ejus
1378 1893 1445 1912 cum
1474 1880 1655 1911 Phormione

986 1926 1090 1955 multis
1116 1932 1293 1955 enarrantur
1315 1927 1342 1955 in
1369 1933 1446 1955 orat.
1467 1935 1523 1964 pro
1555 1923 1652 1953 Phor-

986 1970 1088 1998 mione
1106 1979 1136 2007 p.
1148 1972 1222 2003 944,
1239 1980 1283 2008 sq.
1309 1969 1416 1999 multas
1432 1969 1511 1998 dixit
1529 1977 1655 2007 graves-

987 2023 1046 2051 que
1070 2022 1188 2051 causas,
1212 2017 1263 2041 aut
1280 2013 1309 2042 in
1325 2012 1414 2047 alios,
1427 2016 1479 2041 aut
1495 2021 1561 2050 pro,
1577 2019 1653 2049 quas

987 2066 1092 2085 ornnes
1108 2058 1260 2085 orationes
1276 2057 1304 2085 ei
1332 2055 1556 2084 Demosthenes
1580 2063 1652 2083 cou-

989 2099 1124 2138 scripsit.
1142 2105 1174 2129 ut
1189 2100 1264 2129 duas
1277 2098 1472 2138 gravissimas
1482 2099 1526 2127 rei
1539 2097 1656 2136 capita-

989 2142 1026 2171 lis
1050 2154 1105 2182 pro
1131 2154 1164 2172 se
1188 2143 1336 2172 adversus
1358 2141 1555 2181 Stephanum,
1577 2150 1654 2179 quas

991 2191 1087 2215 tamen
1105 2187 1224 2225 effugit.
1243 2188 1338 2220 1101,
1365 2196 1411 2224 sq.
1443 2186 1538 2220 1:348,
1557 2186 1608 2213 20.
1627 2186 1653 2213 A

989 2239 1020 2267 p.
1037 2232 1130 2265 1350,
1153 2233 1183 2260 9.
1217 2230 1281 2267 ipse
1300 2228 1506 2267 Apollodorus
1530 2236 1653 2257 causam

989 2282 1080 2311 agere
1110 2273 1238 2312 incipit:
1275 2273 1346 2301 item
1384 2272 1414 2301 in
1448 2270 1652 2300 Timotheum.

991 2319 1084 2350 1184,
1100 2328 1145 2356 sq.
1169 2317 1196 2345 in
1216 2315 1384 2354 Polyclem.
1409 2315 1505 2348 10206,
1528 2324 1575 2352 sq.
1596 2323 1652 2351 pro

988 2370 1098 2388 corona
1123 2370 1178 2389 sua
1207 2358 1404 2388 trien-archali.
1430 2359 1525 2391 1228,
1549 2366 1597 2394 sq.
1621 2356 1650 2384 in

988 2402 1172 2443 Callippum.
1199 2404 1295 2436 1935,
1315 2412 1362 2440 sq.
1384 2401 1414 2430 in
1431 2400 1651 2430 Nicostratum.

988 2448 1083 2480 1946,
1101 2458 1146 2486 sq.
1171 2445 1438 2478 suitdives.1208,
1455 2444 1506 2473 26.
1530 2441 1653 2471 trierar-

986 2489 1061 2518 chus
1088 2489 1117 2518 iu
1144 2489 1387 2527 Peloponnesum
1405 2486 1547 2520 mittitur,
1563 2490 1653 2524 atque

988 2531 1100 2561 deinde
1125 2533 1153 2561 in
1177 2531 1322 2561 Siciliam.
1349 2531 1445 2565 1247,
1466 2529 1520 2559 25.
1540 2539 1569 2558 v.
1594 2534 1652 2558 art.

985 2574 1150 2613 Stephanus
1168 2573 1364 2603 Erocadensis.

942 2617 1150 2656 Apollodorus
1168 2615 1406 2646 Leuconoensis.
1424 2616 1520 2651 1‘215,
1537 2617 1590 2644 14.

942 2661 1150 2699 Apollodorus
1167 2660 1330 2689 Phaselita.
1348 2659 1422 2693 925,
1437 2668 1506 2697 pen.

941 2704 1150 2742 Apollodorus
1176 2701 1361 2736 Plothensis,
1385 2708 1416 2731 et
1445 2703 1511 2740 ejus
1536 2710 1649 2739 cogno-

983 2746 1072 2775 minis
1089 2757 1192 2787 nepos,
1210 2757 1249 2776 ex
1261 2744 1458 2785 Olympicho‚
1470 2744 1542 2774 filio.
1553 2745 1649 2779 1310,

985 2792 1035 2819 ⁹22.
1053 2791 1104 2820 23.

941 2833 1140 2871 Apollonides
1156 2831 1354 2862 Cardianusa
1377 2830 1522 2870 Philippo
1545 2839 1650 2869 agrurn

982 2877 1013 2906 iu
1040 2877 1233 2906 Chersoneso
1258 2875 1287 2905 in
1305 2884 1391 2903 usum
1414 2874 1546 2903 fructum
1563 2881 1649 2902 acce-

982 2920 1039 2958 pit.
1057 2921 1110 2955 86,
1130 2921 1180 2949 14.
1214 2928 1231 2948 a
1257 2917 1442 2947 Charidemo
1468 2916 1590 2956 legatus
1610 2915 1650 2945 nd

984 2962 1163 3003 Philippum
1182 2961 1322 2992 mittitur.
1334 2962 1408 2995 681,
1424 2960 1477 2989 2⁷.
