1910 3187
563 121 1066 172 DEMOSTHENEAE.
1499 120 1552 161 23

147 231 272 273 γράψας.
294 234 365 267 136,
383 235 433 263 10.
456 235 575 268 554,1.
601 232 708 262 πολλῆν
726 230 810 280 χάριν

147 275 208 316 ἔχω
220 287 279 309 τοις
283 276 464 333 ΦΛδικασταῖς,
485 275 528 305 δ’τι
544 275 572 304 οὗ
588 273 713 314 περιεῖδον
727 270 810 301 αὐτον

147 317 380 358 ἀναρπασθέντα.
410 320 552 353 1348,1.
583 317 618 353 b)
634 325 689 354 pro
711 325 810 353 συναρ-

149 359 256 400 πάζειν,
281 361 446 400 corripere,
468 364 519 390 aut
542 357 720 398 ὑφαρπάζειν
744 367 811 387 sur·

148 404 260 441 ripere
277 404 306 434 οὐ
327 406 443 456 φανερῶς
456 402 557 432 οὑτωσὶ
573 411 670 440 μικρου
685 400 737 429 δεῖν
748 399 813 438 τρία

149 447 282 476 τάλαντα
292 447 486 485 ἀνηρπάκασι.
480 443 583 474 .f=1rati
591 447 669 472 sunt.
679 444 752 476 822,
760 444 812 471 27.

108 488 290 528 ἀνάρπαστος
304 489 395 526 γέγονε
410 488 608 526 interceptus,
635 485 814 514 interemtus

151 536 181 561 et
192 542 209 560 e
225 531 325 561 medio
341 531 476 560 sublatus
491 533 549 558 est.
567 530 639 562 139,
656 529 708 558 ⁶25.

107 573 268 614 ἀνάρρησις]
284 571 472 612 praedicatio,
487 570 692 611 promulgatio
705 569 815 599 delatae

151 617 244 647 alicui
269 625 387 646 σοι-ουκ)
407 625 518 650 aureae,
533 624 600 652 quae
619 612 816 652 proclamatio

151 659 242 688 fiebat
255 657 376 696 publice
396 667 470 686 voce
486 656 648 707 praeconis.
660 659 736 691 244,
749 658 801 686 21.

111 700 246 741 ἀναρτᾷἶν]
271 698 479 739 ἀναρτωμένους
503 697 616 729 ἐλπίσιν
636 697 666 737 ἐξ
687 696 818 731 ἐλπίδων,

151 743 199 772 zai
214 741 405 793 ὑποσχέσεσιν
417 740 469 780 ἒξ“
459 741 660 783 υωοσχέσεων.
674 742 750 776 346,
765 741 818 770 27.

152 787 212 818 τοῖς
226 783 252 813 δ’
261 785 299 819 εἷς
313 783 360 814 τὸν
379 786 463 824 δῆμον
486 784 675 824 ἀναρτήσασιν
693 782 818 816 ἑαυτούς.

151 828 202 866 qui
217 837 287 866 spes
301 827 494 866 fortunasque
510 837 580 857 suas
596 838 635 856 ex
647 827 820 856 inconstan-

151 869 194 899 tia
204 870 362 909 popularis
373 880 456 900 aurae
471 870 706 910 suspenderunt.
724 871 818 904 1480,

109 954 255 991 ἀνασείειν,
270 954 432 991 intentare,
455 955 604 990 incutere,
621 959 655 985 ut
677 955 820 985 haculum

151 998 276 1028 aliudve
303 998 376 1038 quid
404 999 612 1034 metuendum,
627 995 820 1036 εἰσαγγελίαν.

151 1043 228 1076 784,
245 1042 296 1071 22.

111 1082 324 1122 ἀνασκευάζειν]
339 1082 602 1117 ἀνασκευασθείσης
610 1084 661 1118 τῆς
670 1081 822 1123 τραπέζης.

154 1136 258 1156 mensa
279 1126 442 1156 numularii
459 1136 580 1161 eversa,
594 1127 623 1155 1ι.
639 1137 665 1156 e.
683 1126 823 1164 negotia-

156 1169 239 1200 tione
253 1170 318 1207 ejus
339 1169 485 1199 convulsa
501 1173 531 1197 et
547 1168 715 1207 profligata.
731 1169 823 1197 banco

155 1216 243 1250 rupto
255 1210 356 1251 jueta.
374 1212 448 1245 895,
463 1212 494 1240 5.
510 1210 656 1249 ὀργίζεσθε
679 1210 740 1244 τοῖς
763 1211 824 1238 ἀνε-

155 1253 357 1292 σκευασμένοις
366 1255 421 1282 τῶν
431 1252 727 1292 τραπεζιτῶν.ἰίε,(]ιιί
735 1253 825 1281 rebus

154 1295 328 1327 convasatis
350 1296 416 1324 soro
436 1296 647 1330 decesserunt,
673 1299 705 1324 et
725 1295 823 1324 solum

157 1343 325 1369 verterunt.
341 1340 438 1374 1204,
451 1340 501 1370 26.
513 1338 557 1368 διὰ
570 1337 686 1372 τούτους
699 1349 763 1371 τους
778 1337 823 1365 ἄν·

156 1381 220 1421 δρας
234 1380 472 1419 ανασκευαζονται
482 1393 510 1411 αι
525 1380 674 1422 τράπεζαι.
686 1382 782 1415 1205,
793 1383 824 1409 2.

113 1424 254 1464 atrae-w&
278 1425 332 1457 τὰς
356 1422 447 1463 οφρυς.
477 1426 552 1459 442,
578 1426 630 1453 12.
665 1434 730 1456 τους
755 1421 826 1464 δ’ρους

159 1466 287 1507 (palos'
279 1477 310 1496 in
331 1467 425 1496 fundo
440 1466 646 1505 oppignerato
663 1465 737 1506 poni
752 1466 825 1495 soli-

158 1514 221 1546 tos,
244 1508 426 1549 hypothecae
442 1508 580 1548 indices)
597 1507 753 1540 ἀνέσπακε.
776 1519 824 1538 re-

158 1552 267 1589 vulsit,
284 1552 421 1582 sustulit.
441 1554 578 1588 1188,3.

116 1594 295 1635 ἀνάστασις]
312 1595 494 1630 devastatio,
518 1605 587 1624 eum
612 1594 761 1633 oppidum
788 1593 829 1624 sit

159 1638 321 1667 ἀνάστατον
333 1637 636 1674 desolatum,incolis
655 1637 752 1675 jussis
773 1636 829 1666 ἀνί-

160 1680 298 1710 στασθαι
308 1680 433 1711 sedibus
443 1681 508 1711 suis
518 1690 697 1719 exsurgere,
707 1680 829 1718 alioque

161 1723 374 1761 commigrare.
390 1722 466 1762 ὑπὲρ
492 1724 678 1756 ἀναστάσεως
693 1725 744 1756 τῆς
764 1733 831 1751 ωα-

157 1765 248 1805 τρίδος
274 1767 419 1805 πολεμεῖν,
438 1768 489 1799 10,
508 1768 558 1795 17.
582 1776 670 1804 quem
688 1765 830 1794 vocabuli

161 1818 250 1837 usum
277 1809 391 1838 Pollux
416 1809 484 1837 111.
511 1811 561 1838 91.
585 1818 641 1847 per
664 1808 831 1847 vulgatius,

161 1851 213 1881 vel
242 1851 346 1890 potius
372 1852 536 1881 confictum
562 1862 579 1880 a
609 1851 830 1890 grammaticis,

161 1894 367 1927 ἆναστίιτωσις
394 1893 624 1933 interpretatur.
640 1895 696 1927 τὰς
710 1894 830 1923 διαλλα-

160 1938 309 1973 γὰς-τῆς
323 1935 426 1967 ἑαυτῶν
442 1936 572 1976 πατρίδος
583 1937 742 1966 ἀνάστασιν
753 1935 829 1967 εἶναι.

164 1981 255 2014 18,9.
265 1978 477 2020 ἐπιστρατεύειν
491 1978 537 2009 ἐπ’
553 1980 713 2009 ἀναστάσει
728 1979 830 2020 Βυζαν-

163 2020 237 2052 τίων.
248 2023 322 2053 255.
332 2033 402 2061 pen.
430 2022 466 2062 b)
479 2023 640 2056 ἀνάστασις
650 2024 704 2051 τῶν
717 2024 831 2064 τειχῶν.

163 2065 335 2096 exstructio
361 2065 515 2101 moenium,
531 2065 650 2095 facinus
673 2066 830 2104 egregium

164 2107 309 2143 Cononis,
322 2108 374 2146 qui
390 2108 474 2138 urbis
492 2108 598 2148 patriae
613 2107 724 2138 moenia
740 2118 757 2137 a
774 2109 831 2137 La-

165 2149 362 2180 cedaemoniis
371 2150 473 2180 diruta
482 2150 676 2180 restauravit..
693 2153 768 2187 478,
779 2153 830 2181 24.

122 2191 336 2232 ἀνατείνεσθαι]
377 2192 526 2223 intentare
557 2193 661 2232 (velut
689 2193 831 2233 fustem),

166 2234 351 2264 comminari.
367 2232 462 2269 ἐκεῖνος
476 2234 531 2274 μὲν
546 2234 646 2265 ουδὲν
633 2246 665 2265 αν
677 2235 751 2277 εῖνεν
765 2237 832 2276 ὑμῖν

165 2276 362 2308 ἀνατείνεσθαι
377 2277 498 2318 φοβερόν.
512 2279 587 2313 389,
606 2281 634 2307 1.

123 2318 304 2359 ἀνατιθέναι]
330 2320 484 2356 dedicare,
500 2330 680 2351 consecrare
697 2321 833 2359 publice,

167 2363 272 2394 usibus
287 2362 406 2393 divinis
421 2363 613 2399 humanisve,
639 2367 692 2393 aut
717 2374 832 2394 memo

165 2405 232 2441 riae,
247 2410 278 2435 et
295 2407 486 2445 spectaculo.
502 2407 557 2448 οὐχ
572 2405 615 2435 ἵνα
631 2405 833 2446 θαυμάζωμεν

166 2447 242 2478 αὐτα
259 2447 333 2478 πόνον
347 2448 522 2489 θεωρουντες,
530 2447 598 2478 αλλ
611 2448 653 2478 ἵνα
667 2449 714 2478 καὶ
729 2450 832 2488 μιμώ-

166 2491 251 2530 μεθα
271 2493 327 2524 τὰς
342 2493 397 2520 τῶν
410 2491 595 2522 ἀναθέντων’
581 2492 694 2531 αρετάς.
711 2494 785 2526 174,
802 2494 832 2521 8.

168 2536 242 2570 201,
258 2536 289 2563 4.
305 2531 342 2564 οἶν
355 2533 411 2564 ἔνια
425 2533 509 2565 οὗδὲ’
499 2535 554 2565 ew?
569 2536 619 2568 τῆς
635 2534 772 2574 ἡμετέρας
786 2545 832 2572 γε·

168 2577 227 2609 νεὲἷς
236 2576 367 2607 ἀνετέθη.
379 2578 452 2613 615,
461 2579 512 2608 23.
540 2578 577 2616 b)
588 2578 750 2616 imputare,
761 2588 834 2607 cau-

170 2629 246 2654 sam,
256 2619 306 2648 vel
297 2620 443 2672 culpjzm
445 2620 488 2650 rei
501 2620 531 2649 in
542 2621 673 2659 aliquem
683 2621 834 2651 conferre.

169 2662 218 2691 τῆν
243 2659 335 2691 αἰτίαν
356 2665 410 2692 τῶν
434 2663 466 2693 έν.
481 2665 530 2693 τοῦ
543 2663 672 2702 πολέμου
686 2662 834 2702 συμζησο-

170 2703 259 2743 μένων
278 2703 449 2745 δυσχερῶν
439 2705 573 2740 άωαντες
588 2709 648 2739 τοῖς
663 2705 731 2745 ὑπὲρ
758 2707 836 2744 ὑμῶν

171 2748 212 2776 τὰ,
241 2744 389 2779 Βέλτιστα
418 2746 506 2786 λέγειν
533 2748 663 2788 οἰομένοις
692 2748 835 2779 ἀναθεῖναι

171 2788 328 2822 βούλονται.
343 2792 418 2825 146,
429 2801 498 2828 peu.
512 2793 551 2821 τὰ
567 2791 758 2832 πεπραγμένα
771 2791 835 2821 ἑαυ-

171 2843 213 2860 τω
238 2831 414 2865 ἀνατιθεὶς’
405 2831 477 2870 εμοί.
501 2836 574 2870 230,
597 2837 649 2864 23.
680 2834 708 2864 οὗ
724 2846 772 2865 την
787 2836 836 2864 τοῦ

171 2865 324 2913 κατορθοῦν
338 2886 379 2913 τῳ
402 2874 555 2915 συμέούλῳ
571 2876 689 2907 ἀνεθηκε
710 2877 837 2916 δύναμιν,

173 2918 254 2948 ἀλλὰ
275 2917 335 2952 τοῖς
358 2907 444 2952 θεοῖς.
460 2920 537 2955 322,
549 2922 600 2949 20.
628 2917 665 2953 οἷς
679 2920 711 2949 ἂν
726 2919 839 2953 εἰκότως

884 227 932 257 καὶ
958 227 1072 260 δικαῖως
1095 225 1222 259 ἅπαντας
1243 228 1292 257 τὴν
1305 227 1360 258 τῶν
1374 226 1558 267 γεγενημένων

885 268 980 300 αἰτίαν
995 269 1045 300 ἐπὶ
1063 271 1113 300 τὴν
1126 270 1250 306 κεφαλὴν
1265 269 1401 300 ἀναθεῖεν.
1415 272 1490 306 323,
1503 271 1558 300 ult.

886 313 989 342 τᾶλλα
1003 313 1108 342 ’πάντα
1124 312 1192 350 ὑμῖν
1208 311 1351 340 ἀναθεῖναι
1364 312 1558 353 πεπείρανται.

891 358 985 391 1453,
996 358 1046 385 10.
1076 355 1110 394 c)
1122 354 1360 393 reprehendere,
1375 355 1403 383 h.
1416 366 1444 385 e.
1461 367 1563 386 emen-

889 398 974 432 dare,
987 403 1020 427 ut
1036 398 1063 427 si
1078 398 1231 426 calculum
1255 396 1334 426 male
1353 398 1486 435 positum
1511 409 1561 428 re-

890 440 1051 470 tractando
1081 440 1191 469 melius
1215 439 1361 468 colloces.
1391 439 1413 468 εἶ
1442 442 1502 481 περὶ
1526 439 1562 470 οἷν

891 483 1049 522 ἡμάρτετε,
1059 484 1101 513 νῦν
1117 481 1282 512 ἀναθέσθαι
1297 481 1449 515 βούλεσθε.
1466 486 1563 519 1456,

892 528 944 556 20.

850 567 1014 609 ἀνατρέπειν
1040 567 1074 598 τό
1095 567 1215 607 σκάφος.
1241 569 1316 603 128,
1333 570 1386 598 24.
1415 566 1487 607 ὅρους
1510 569 1566 598 τῶν

893 611 1012 649 ἀγαθῶν
1026 611 1074 641 καὶ
1096 610 1217 644 κανόνας.
1229 612 1304 646 324,
1319 612 1372 641 27.
1395 612 1444 641 τὴν
1456 611 1564 650 τράπε-

894 654 956 693 ζαν.
983 657 1059 689 403,
1073 656 1105 683 7.
1129 654 1184 694 οὐχ
1206 652 1281 688 ὅπως
1304 652 1370 693 ὄρθῆ
1386 654 1564 684 πλευσεῖται

893 696 1027 737 (patria)
1041 696 1189 736 προείδετο,
1205 694 1273 725 ἀλλ’
1288 694 1422 736 ἀνέτρεψε
1449 696 1497 725 καὶ
1514 707 1568 725 κα.-

894 739 1005 769 τέδυσε.
1022 741 1098 775 419,
1112 740 1168 768 ult.
1184 737 1347 779 ἀνατρέψειν
1363 738 1408 769 οἶέι
1431 740 1471 769 τὰ
1491 741 1567 769 κοινὰ

896 780 998 812 δίκαια.
1023 784 1098 817 778,
1115 783 1167 811 22.
1193 782 1292 811 πᾶσαν
1311 783 1360 812 τὴν
1377 781 1468 811 πόλιν.
1491 783 1569 816 779,

896 826 949 855 26.
965 824 985 854 ἃ
998 827 1041 864 μὴ
1055 822 1228 865 ἐπιτρέψητε
1241 822 1399 864 ἀνατρέψαι
1414 824 1457 864 τῷ
1470 824 1568 865 μιαρῷ

896 867 999 907 τούτῳ.
1018 869 1092 903 96⁰2,
1110 870 1141 897 8.

855 909 1023 951 ἀναφαίνειν]
1051 922 1137 951 ρητωρ
1166 907 1324 948 έξαίφνης’
1314 920 1346 938 εκ
1369 910 1428 943 ‘rac'
1445 909 1569 963 ἡσυχίας

896 954 992 994 ὥσπερ
1006 954 1118 993 πνεῦμα
1134 953 1262 991 ανεφανη.
1279 954 1354 988 328,
1371 956 1422 983 10.
1438 951 1512 986 ὅπως
1526 955 1570 993 μὴ

896 995 978 1037 χρέος
993 995 1103 1037 ὕστερον
1123 994 1261 1034 γενόμενον
1282 995 1506 1036 ἀναφανήσονται
1521 995 1570 1027 ἐπὶ

898 1039 943 1078 τῷ
956 1038 1060 1079 χωρία).
1085 1040 1248 1073 1040,19.

855 1080 1010 1121 ἀναφέρειν]
1026 1081 1141 1111 referre
1151 1080 1264 1119 aliquo,
1275 1084 1308 1110 ut
1319 1079 1348 1109 in
1358 1090 1514 1110 numerum
1522 1091 1571 1109 or-

899 1125 1042 1154 dinemve
1058 1124 1190 1163 aliquem
1208 1133 1322 1158 rerum,
1338 1128 1391 1153 aut
1413 1128 1447 1152 ut
1467 1128 1572 1153 aucto-

894 1166 938 1201 .ri,
955 1177 1076 1196 causam
1093 1165 1256 1205 culpamve
1273 1166 1316 1195 rei
1329 1166 1490 1205 imputare.
1503 1167 1571 1194 ἀνα-

899 1208 988 1248 φέρειν
1004 1208 1053 1238 ἐπί
1070 1220 1099 1237 τι
1114 1210 1162 1238 τὴν
1176 1205 1280 1236 αἰτίαν.
1297 1210 1370 1243 140,
1387 1210 1438 1238 25.
1457 1208 1500 1245 τᾷἷ
1517 1207 1573 1246 μὲν

899 1249 964 1281 ἔστ’
986 1252 1134 1287 ἀνενεγκεῖν
1157 1249 1206 1279 ἐπ’
1225 1249 1346 1283 ἐκείνους.
1373 1250 1487 1280 referre
1504 1261 1575 1280 cau-

902 1304 965 1322 sam
979 1295 1015 1322 ad
1033 1294 1115 1328 illos,
1135 1298 1169 1322 ut
1184 1292 1343 1331 principes
1359 1293 1508 1332 exempli,
1522 1303 1574 1323 su-

901 1346 1012 1374 umque
1021 1336 1130 1365 factum
1144 1335 1263 1364 illorum
1276 1336 1419 1374 exemplo
1430 1345 1576 1375 purgare.

901 1380 977 1414 302,
992 1389 1063 1418 pen.
1085 1377 1119 1407 τὸ
1132 1377 1188 1417 μὲν
1202 1378 1240 1411 εἷς
1255 1378 1397 1413 ἀλλήλους
1411 1378 1576 1418 ἀναφέρετε.

900 1421 990 1451 alteri
1014 1422 1120 1451 alteris
1135 1420 1306 1460 imputatis,
1322 1432 1378 1451 vos
1396 1426 1504 1451 mutuo
1526 1432 1577 1451 ac-

901 1464 1029 1494 cusatis.
1054 1466 1129 1499 838,
1146 1466 1197 1493 14.
1223 1463 1258 1493 τὸ
1282 1465 1334 1497 τῆς
1354 1464 1469 1503 γνώμης
1489 1463 1577 1494 ἀνενέ-

900 1518 993 1545 γκατε
1004 1506 1068 1547 πρὸς
1083 1507 1202 1537 ἅπαντα
1214 1505 1260 1537 τὸν
1274 1506 1363 1546 νόμον.
1380 1509 1456 1542 493,
1467 1509 1496 1537 2.
1512 1508 1578 1541 τοὺς

904 1549 1001 1590 νόμους
1024 1549 1072 1581 ἐπὶ
1096 1551 1145 1580 τῆν
1170 1548 1283 1590 ἡμέραν,
1308 1547 1360 1588 ἀφ’
1374 1547 1405 1583 ἧς
1425 1548 1578 1580 ἐτέθησαν.

905 1594 1040 1624 valorem
1056 1594 1159 1632 legum
1176 1603 1214 1622 ex
1237 1592 1291 1622 illa
1311 1592 1362 1622 die
1376 1593 1484 1622 ordiri.
1500 1594 1577 1629 714,

906 1637 958 1666 12.
976 1639 1023 1667 τῆν
1038 1635 1180 1669 ἀπόδοσιν,
1194 1635 1444 1670 numerationem,
1463 1636 1577 1676 depen-

906 1678 1023 1708 sionem
1038 1678 1106 1708 aeris
1122 1677 1233 1713 debiti,
1249 1677 1286 1712 εἲς
1303 1677 1397 1708 ἐκεῖνον
1417 1677 1497 1717 μόνον
1512 1680 1579 1708 ἀνα-

906 1721 990 1762 φέρει.
1018 1721 1103 1750 illum
1121 1721 1217 1750 solum
1242 1721 1286 1750 ait
1302 1721 1492 1756 interfuisse,
1508 1732 1577 1751 cum

906 1775 949 1793 aes
975 1764 1154 1794 relueretur.
1172 1766 1245 1799 920,
1263 1765 1316 1793 26.
1338 1765 1393 1793 τῶν
1410 1764 1448 1796 εἷς
1466 1764 1580 1804 μύθους

907 1806 1100 1846 ἀνηνεγμένων.
1110 1817 1177 1846 quae
1187 1807 1225 1836 ad
1240 1811 1296 1836 [em
1302 1816 1375 1846 pora
1384 1806 1522 1836 fabulosa
1531 1817 1579 1837 re-

906 1850 1057 1885 feruntur,
1075 1850 1104 1879 in
1126 1850 1237 1879 fabulis
1251 1854 1458 1879 numerantur.
1486 1853 1580 1886 1391,

908 1895 959 1923 14.
971 1895 1011 1923 τὰ
1021 1892 1054 1922 ἐκ.
1065 1894 1115 1926 τῆς
1127 1890 1279 1926 ἐκκλησίας
1289 1890 1482 1930 ἀνενεγκόντες.
1493 1899 1580 1932 gesta

906 1935 937 1965 in
948 1937 1096 1965 concione
1109 1946 1177 1965 cum
1191 1936 1228 1965 ad
1236 1940 1375 1965 senatum
1389 1935 1579 1966 retulissent.

909 1980 982 2014 250,
998 1982 1048 2008 11.
1063 1977 1120 2008 οὐδὲ
1137 1981 1190 2018 γὰρ
1205 1978 1312 2008 ταύτην
1326 1977 1460 2012 λαβόντες
1476 1978 1580 2018 ἇναφέ·

907 2033 993 2061 ρουσι.
1010 2032 1047 2051 ne
1060 2022 1136 2051 hanc
1151 2021 1272 2060 quidem
1286 2021 1452 2062 (phialam)
1465 2021 1495 2050 in
1509 2032 1580 2051 cen-

909 2075 974 2094 sum
988 2065 1131 2099 inserunt,
1147 2065 1177 2093 h.
1189 2075 1217 2094 e.
1235 2073 1471 2094 commemorant
1486 2065 1517 2093 in
1531 2076 1581 2094 re-

908 2107 1051 2137 censione
1067 2107 1251 2146 reliquarum
1274 2117 1386 2137 rerum.
1412 2108 1508 2143 1030,
1526 2109 1579 2137 13.

909 2152 1005 2186 1031,
1022 2153 1074 2180 11.
1089 2149 1212 2190 ἀνέφερεν
1228 2149 1265 2183 εἷς
1284 2150 1329 2180 τᾶν
1345 2148 1470 2190 Ἀφαρέα
1493 2150 1578 2189 λόγῳ,

908 2191 1023 2232 ὀφείλων
1037 2192 1122 2228 αὐτὸς
1136 2196 1176 2223 τὰ
1187 2193 1272 2223 σκεύη
1289 2193 1326 2233 τῇ
1342 2192 1434 2222 πόλει.
1450 2204 1517 2232 quae
1534 2204 1581 2222 ar-

908 2241 1058 2265 mamenta
1070 2236 1146 2275 reip.
1161 2236 1294 2265 debebat
1306 2236 1387 2275 ipse,
1401 2236 1532 2275 negabat
1546 2247 1582 2266 ea

909 2279 947 2308 ab
960 2279 1101 2317 Aphareo
1116 2279 1289 2318 accepisse,
1300 2280 1428 2317 ejusque
1442 2279 1580 2308 socordi-

910 2331 955 2350 am
967 2322 1187 2359 praetendebat,
1196 2322 1251 2350 sed
1261 2321 1350 2350 salso.
1362 2323 1459 2358 1148,
1470 2323 1520 2350 16.
1545 2320 1582 2360 b)

909 2364 1058 2402 pristinas
1071 2364 1106 2393 ad
1119 2364 1201 2393 vires
1216 2364 1330 2399 redire,
1346 2364 1580 2399 convalescere,

910 2405 995 2436 velut
1003 2416 1019 2435 a
1027 2407 1146 2441 morbo,
1154 2406 1318 2446 vertigine,
1327 2407 1464 2444 crapula,
1475 2411 1537 2441 aut,
1547 2412 1582 2436 ut

910 2449 991 2486 quie
1002 2449 1151 2488 profunda
1160 2449 1304 2488 voragine
1315 2449 1466 2479 eluctatus
1478 2448 1582 2479 sitjav

910 2490 932 2520 δ’
949 2492 1126 2530 ἀνενέγκωσιν
1143 2491 1195 2532 ἄρα
1216 2492 1239 2521 οἱ
1263 2492 1380 2525 Θηβαῖοι
1395 2492 1443 2521 καὶ
1459 2491 1579 2521 σωθῶσι

909 2534 956 2564 καὶ
970 2537 1013 2573 μὴ
1029 2533 1152 2565 πέσωσι.
1167 2538 1242 2570 210,
1259 2536 1308 2565 15.

868 2577 1007 2618 ἀνα-φορὰ]
1026 2577 1189 2614 caussatio,
1213 2577 1397 2616 perfugium,
1423 2581 1580 2616 receptus,

910 2619 1029 2650 latebra
1055 2620 1164 2659 culsne,
1196 2630 1256 2658 quo
1285 2630 1434 2649 excusare
1466 2620 1579 2650 factum

912 2673 1031 2701 speres.
1057 2662 1234 2692 ὑπελείπετο
1262 2664 1316 2701 γὰρ
1342 2662 1433 2691 αὐτῶν
1461 2662 1584 2697 ἕκαστος

912 2705 1005 2744 ἑαυτῷ
1028 2706 1095 2744 ἱέμα
1121 2704 1176 2745 μὲν
1191 2705 1338 2745 ῥαστώνην,
1363 2703 1430 2743 ἅμα
1451 2704 1485 2741 δ’,
1508 2705 1532 2734 εἴ
1551 2717 1581 2735 τι

912 2748 1026 2786 γένοιτο,
1039 2748 1186 2788 ἀναφοράν.
1198 2750 1272 2783 301,
1289 2751 1341 2778 24.
1364 2749 1499 2787 ἀναφορὰν
1514 2747 1582 2777 ἐκεί-

913 2802 964 2826 νοις
980 2791 1046 2821 εἶναι
1059 2791 1119 2829 περὶ
1140 2793 1194 2819 τῶν
1206 2791 1364 2830 χρημάτων
1374 2791 1411 2825 εἰς
1426 2792 1490 2824 τοὺς
1504 2790 1582 2832 ἔχον-

912 2846 976 2868 τας.
991 2835 1081 2864 licere
1099 2834 1175 2872 ipsis
1192 2834 1229 2862 ad
1250 2844 1315 2868 eos,
1330 2844 1426 2872 penes
1438 2844 1513 2872 qnos
1530 2834 1582 2863 illa

913 2878 991 2906 bona
1017 2876 1087 2910 sint,
1117 2886 1286 2910 recurrere,
1312 2876 1464 2916 abiisque
1488 2876 1583 2906 relui-

914 2920 1026 2949 tionem
1044 2923 1194 2958 repetere.
1209 2921 1283 2955 704,
1299 2921 1328 2949 8.
