1822 3187
379 448 642 504 INDEX
702 445 1332 501 GEOGRAPHICUS

528 587 597 635 IN
636 586 1176 635 DEMOSTHENEM.

131 833 332 881 ABYDUS.
349 849 423 884 326,
440 850 491 878 17.
514 858 532 877 a
549 848 742 888 Thrasybulo
764 848 841 878 infe-

179 897 285 922 statur.
302 893 396 926 1310,
416 894 466 922 18.

130 934 297 964 Acanthus.
314 936 387 969 917,
405 934 459 963 ult.
779 971 782 973 -

131 977 310 1008 Acarnania.
333 976 559 1006 Atheniensium
577 976 615 1006 ad
632 987 696 1006 earn
714 976 843 1015 expedi-

174 1020 230 1050 tio.
260 1021 356 1055 1173,
386 1020 441 1049 ult.
479 1019 622 1049 archonte
651 1020 841 1058 Pythodoro.

176 1064 274 1098 1174,
293 1064 344 1092 13.

132 1104 246 1143 AEgina
272 1104 373 1134 insula
395 1114 490 1142 parva
515 1109 546 1134 et
571 1105 608 1133 ab
635 1104 743 1134 Athen.
771 1114 844 1133 con-

174 1152 279 1177 temta.
299 1149 374 1181 690,
390 1150 442 1177 27.
469 1147 611 1176 exsilium
632 1147 676 1176 ibi
699 1146 844 1176 toleravit

175 1189 343 1225 Aristides,
359 1190 456 1219 donee
471 1194 678 1219 revocaretur.
700 1192 775 1224 802,
792 1191 843 1218 17.

176 1231 283 1271 piratae
298 1232 340 1261 ibi
356 1238 498 1271 capturas
515 1243 584 1261 suas
602 1233 772 1262 Atticarum
793 1241 844 1260 na-

177 1275 260 1304 vium
277 1275 459 1304 vendebant.
477 1278 572 1311 1248,
586 1277 617 1303 ’7.

134 1317 360 1356 AEgospotami,
370 1317 420 1346 ubi
435 1318 584 1347 funestam
596 1317 713 1347 cladem
726 1316 847 1356 accepit

178 1370 261 1398 resp.
276 1361 384 1389 Athen.
402 1361 475 1395 691,
490 1362 521 1389 7.

135 1402 291 1442 AEgyptus
326 1413 343 1432 a
375 1404 466 1432 Persa
500 1406 683 1441 recuperata
719 1403 845 1442 Olymp.

178 1446 282 1480 CVII,
297 1447 327 1475 3.
355 1447 430 1480 160,
447 1447 477 1475 9.
502 1445 657 1474 sinistrum
677 1446 735 1475 fuit
757 1446 846 1483 hujus

175 1488 250 1518 belli
275 1487 393 1518 initium
417 1488 539 1517 Persis.
564 1490 639 1523 193,
655 1490 706 1518 24.
731 1488 773 1517 ibi
796 1488 847 1517 Ti-

177 1531 329 1565 motheuS,
343 1530 493 1571 permissu
514 1531 591 1568 reip.
607 1530 697 1559 classi
714 1530 847 1561 Persicae

178 1573 313 1613 praefuit,
338 1578 369 1603 et
393 1583 456 1603 rem
479 1573 601 1603 nomine
628 1573 711 1612 regis
742 1573 847 1613 gessit.

182 1618 279 1651 1191,
297 1619 349 1646 21.

136 1658 291 1690 AEnianes.
310 1660 406 1694 1379,
423 1660 475 1688 22.

136 1702 247 1733 AEnns.
264 1701 347 1732 AEnii
363 1702 400 1731 ab
416 1702 529 1730 Athen.
540 1701 674 1730 alienati.
691 1701 849 1737 1334,15.

138 1745 253 1783 Agora,
270 1745 416 1784 oppidum
433 1744 649 1774 Cherrhonesi.
666 1747 717 1778 86,
735 1745 783 1774 15.

137 1788 402 1826 Alopeconnesus,
430 1787 555 1826 pariter.
585 1788 659 1822 256,
683 1789 735 1817 23.
773 1786 848 1815 situs

181 1831 247 1868 ejus
263 1831 434 1860 declaratur
450 1840 480 1868 p.
495 1830 569 1863 675,
585 1832 637 1859 25.

137 1872 332 1903 Ambraciam
359 1878 450 1912 atque
468 1872 651 1901 Leucadiam
674 1870 849 1910 Philipan,

182 1926 260 1945 anno
282 1921 362 1951 ante,
380 1926 468 1954 quam
486 1915 668 1953 Byzantium
693 1915 850 1943 obsessum

181 1957 253 1993 iret,
269 1958 384 1997 eripite
401 1958 567 1987 conabatur
580 1957 758 1987 Corinthiis.
775 1959 849 1992 118,

182 2002 214 2032 5.
230 2003 304 2036 120,
316 2004 345 2031 1.
367 2011 470 2030 verum
484 2001 718 2035 Demosthenes,
734 2001 851 2038 Lycur-

184 2054 252 2083 gus,
267 2043 479 2083 Hegesippus,
498 2043 621 2082 aliique,
642 2042 791 2072 obeundis
813 2043 851 2071 ad

183 2086 326 2116 civitates
350 2086 551 2124 Peloponnesi
572 2086 786 2122 legationibus,
802 2095 852 2113 co-

181 2133 284 2158 natum
300 2129 386 2158 illum
397 2134 616 2168 represserunt.
631 2130 703 2164 129,
716 2130 767 2158 21.
778 2129 853 2165 133,

184 2172 239 2201 ult.

141 2214 339 2253 Amphipolin
357 2213 530 2253 proditione
551 2218 657 2243 nactus
677 2213 852 2253 Philippus,

183 2257 357 2297 proditores
393 2257 509 2295 primos
544 2256 675 2286 sustulit.
709 2259 761 2291 12,
800 2258 854 2286 19.

185 2309 278 2338 quum
292 2300 436 2329 obsidens
453 2310 518 2329 eam
535 2299 722 2335 simulasset,
737 2299 789 2328 ubi
804 2309 852 2328 ce-

183 2343 291 2384 pisset,
306 2342 542 2372 Atheniensibus
553 2342 776 2377 restituturum,
785 2341 853 2381 ipse

186 2385 244 2414 sibi
262 2385 407 2414 servavit.
421 2386 495 2420 659,
511 2388 541 2416 4.
564 2396 602 2414 ex
620 2395 696 2424 pace
709 2385 736 2414 ei
750 2385 852 2414 cessit.

185 2428 296 2462 63‚15.
314 2428 533 2457 abAlexandro
547 2429 728 2462 Macedone,
738 2427 792 2456 illo
804 2438 854 2457 ve-

185 2474 279 2506 tusto,
296 2471 416 2499 Xerxis
432 2470 554 2509 aequali,
567 2470 667 2509 primo
690 2470 748 2499 fuit
765 2480 854 2499 occu-

185 2519 268 2552 pata,
283 2513 399 2542 dudum
417 2518 485 2542 ante
498 2514 724 2542 Atheniensium
741 2514 855 2543 adven·

186 2560 250 2584 tum
281 2555 363 2585 illuc.
388 2558 462 2589 164,
480 2558 530 2586 19.
561 2555 613 2585 illa
636 2556 674 2584 de
700 2556 856 2585 reddenda

188 2597 368 2636 Amphipoli
394 2599 629 2637 pollicitatione,
653 2598 856 2628 Athenienses

186 2650 204 2670 a
230 2640 378 2670 societate
402 2651 470 2670 cum
495 2641 651 2680 Olynthiis
681 2642 856 2671 abducebat

188 2682 430 2721 Philippus.·19,
444 2686 496 2714 26.
518 2684 707 2724 Timagoras,
722 2685 752 2714 in
768 2694 856 2723 pace,

187 2735 277 2764 quam
289 2735 357 2754 curn
371 2736 443 2764 rege
460 2727 623 2756 Persarum
635 2727 713 2762 iniit,
730 2728 855 2766 Amphi-

188 2767 273 2807 polin
292 2768 320 2797 ei
334 2768 483 2807 permisit.
496 2771 571 2804 383,
587 2772 639 2801 23.
655 2770 855 2800 Charidemus

188 2810 318 2846 obstitit,
336 2811 498 2849 quominus
514 2811 715 2842 Athenienses
727 2823 792 2842 eam
810 2823 856 2842 re·

188 2859 380 2891 cuperarent.
398 2856 473 2888 669,
491 2856 541 2883 12.
557 2855 697 2884 Charetis
709 2856 856 2884 adversus

188 2906 253 2925 earn
267 2897 424 2935 expeditio
439 2906 492 2926 cur
507 2897 594 2926 irrita
609 2897 709 2926 suerit.
727 2900 779 2933 26,
795 2900 846 2927 10.

146 2938 414 2978 Amphisseusium
450 2940 618 2969 Locrorum
653 2939 856 2980 sacrilegium.

920 850 992 884 274,
1010 851 1061 879 20.
1078 858 1123 886 sq.
1146 850 1273 887 propter
1290 846 1400 876 bellum
1417 846 1486 876 inde
1502 857 1587 877 coor=

920 896 982 921 tuin
1008 891 1171 930 Philippus
1196 891 1331 920 Elateam
1356 889 1450 927 cepit,
1471 893 1501 919 et
1523 890 1587 919 dux

920 935 1047 963 Graeciae
1063 933 1119 963 fuit
1135 938 1337 972 nuncupatus.
1353 934 1426 967 275,
1444 934 1495 962 12.

876 977 1056 1007 Anthemus.
1080 976 1240 1015 Philippus
1258 976 1315 1005 hoc
1331 975 1491 1014 oppidum,
1506 975 1587 1014 quod

921 1020 1095 1057 superiores
1112 1018 1303 1048 Macedoniae
1322 1028 1413 1055 reges
1428 1017 1589 1056 diligenter

922 1062 980 1092 sibi
998 1062 1223 1097 vendicassent,
1245 1061 1412 1099 Olynthiis,
1429 1060 1458 1089 in
1474 1070 1589 1090 merce-

921 1105 989 1135 dem
1001 1115 1103 1143 operae
1116 1104 1175 1133 sibi
1186 1104 1215 1133 in
1226 1104 1308 1133 bello
1319 1105 1467 1133 adversus
1478 1103 1589 1132 Athen.

921 1148 1066 1187 praestiti,
1090 1147 1140 1176 vel
1164 1147 1278 1185 potins,
1300 1156 1359 1184 quo
1382 1146 1589 1185 imprudentes

922 1191 1086 1225 inescaret,
1101 1190 1363 1228 sopiret,torpore
1374 1194 1464 1227 atque
1475 1188 1590 1217 securi-

922 1237 984 1263 tate
996 1238 1178 1267 occoecaret,
1192 1237 1281 1271 atque
1298 1231 1356 1260 sibi
1372 1231 1589 1269 obstringeret,

923 1277 980 1305 sub
995 1275 1082 1305 initia
1099 1275 1186 1312 regni
1203 1275 1249 1303 sui
1265 1274 1408 1303 donabat.
1424 1276 1478 1308 70,
1492 1276 1545 1303 27.

880 1318 1015 1353 Antissa,
1027 1317 1175 1356 oppidum
1192 1317 1295 1346 Lesbi.
1310 1319 1385 1352 213,
1399 1319 1450 1346 19.
1472 1316 1531 1345 hnc
1543 1325 1591 1344 se-

924 1361 1052 1390 cedebat
1071 1360 1256 1398 Iphicrates,
1273 1359 1393 1394 videns,
1409 1364 1439 1388 et
1453 1359 1482 1388 in
1498 1359 1592 1387 Thra-

910 1403 970 1443 ·cia
986 1405 1084 1441 Cotyn
1108 1402 1166 1432 sibi
1188 1402 1338 1436 insidiari,
1354 1407 1384 1430 et
1408 1402 1439 1430 in
1462 1401 1591 1440 patriam

923 1446 1004 1475 hand
1022 1451 1127 1485 patere
1141 1446 1284 1475 reditum.
1299 1446 1372 1479 664,
1389 1447 1418 1474 2.

881 1489 1009 1524 Antron,
1036 1495 1066 1517 et
1091 1489 1121 1517 in
1145 1488 1224 1527 plur.
1249 1488 1414 1522 Antrones,
1445 1486 1591 1525 oppidum

925 1532 1065 1567 Euboeae,
1079 1531 1251 1571 proditione
1265 1541 1281 1560 a
1298 1530 1443 1568 Philippo
1460 1535 1593 1567 captum.

924 1577 999 1610 133,
1018 1577 1069 1604 26.
1087 1574 1138 1603 Sic
1152 1574 1351 1603 Scholiastes.
1388 1573 1500 1602 Verum
1512 1573 1594 1602 Tou-

925 1618 1020 1647 rellus
1037 1618 1066 1646 in
1083 1617 1244 1646 Thessalia
1259 1616 1401 1646 collocat.

882 1660 1035 1699 Aphidna,
1059 1659 1257 1698 municipium
1287 1658 1435 1694 Atticum,
1460 1658 1497 1687 ad
1531 1659 1592 1687 120

926 1703 1026 1732 stadia
1041 1703 1077 1731 ab
1096 1703 1190 1732 Urbe.
1208 1704 1282 1737 238,
1295 1704 1346 1731 18.

882 1745 1056 1784 Apollonia.
1075 1747 1149 1781 117,
1168 1746 1217 1774 20.

883 1788 1074 1826 Araphenus‚
1094 1786 1292 1826 municipium
1309 1786 1456 1816 Atticum.
1473 1783 1595 1825 Ἀςαφη-

924 1830 996 1859 νάδε.
1015 1832 1111 1865 1074,
1129 1832 1158 1860 9.

884 1873 997 1912 Argos.
1015 1873 1111 1908 1237,
1123 1875 1174 1902 10.
1192 1872 1356 1911 Argolicus
1369 1871 1465 1901 sinus.
1475 1869 1550 1900 ibid.
1563 1872 1592 1900 9.

884 1916 1016 1954 Arguta,
1033 1916 1181 1954 oppidum
1196 1916 1334 1950 Euhoeae,
1345 1915 1396 1944 ubi
1414 1915 1524 1945 Athen.
1541 1924 1596 1952 pa-

927 1969 993 1988 rum
1005 1969 1153 1998 prospere
1167 1959 1353 1998 pugnabant.
1370 1959 1445 1992 558,
1457 1959 1487 1987 3.
1499 1960 1529 1985 et
1542 1958 1593 1986 16.

885 2044 1158 2079 Artemisium,ubi
1170 2043 1271 2073 Graeci
1288 2043 1397 2082 proelio
1414 2041 1513 2072 navali
1527 2052 1594 2071 cum

930 2087 1037 2116 Persis
1050 2087 1227 2116 conflixere.
1245 2088 1319 2121 297,
1335 2088 1386 2115 14.
1401 2087 1496 2120 1377,
1510 2086 1560 2114 19.

887 2130 1017 2161 Athenae
1034 2130 1184 2168 quomodo
1210 2129 1329 2159 moeniis
1349 2139 1366 2157 a
1388 2127 1596 2157 Themistocle

931 2172 1026 2211 septae
1044 2173 1116 2208 sint,
1141 2177 1171 2202 et
1195 2182 1299 2201 rursus
1321 2181 1338 2200 a
1361 2172 1494 2206 Conone,
1510 2175 1597 2200 vetu-

931 2216 987 2245 stis
1005 2216 1124 2246 moeniis
1147 2225 1164 2244 a
1183 2215 1342 2253 Lysandro
1361 2213 1504 2253 dejectis.
1521 2215 1598 2248 478,

931 2260 983 2289 25.

1224 2344 1261 2372 B.

889 2428 1004 2458 Basilei
1021 2433 1098 2459 stoa.
1113 2430 1190 2463 776,
1204 2430 1257 2459 20.

889 2473 1057 2512 Bosporus,
1075 2472 1242 2511 emporium
1259 2471 1289 2500 in
1308 2471 1417 2500 Ponto.
1435 2471 1509 2505 467,
1524 2471 1574 2498 11.

891 2517 1037 2544 Brauron.
1054 2516 1067 2545 ἦ
1085 2513 1262 2555 Βραυξωνόθεν
1278 2512 1370 2554 tigata.
1386 2515 1480 2547 1264,
1495 2515 1547 2542 20.

890 2559 1040 2593 Bucheta,
1058 2558 1205 2597 oppidum
1222 2557 1388 2594 Cassopiae.
1408 2558 1460 2590 84,
1477 2557 1529 2585 23.

889 2601 1081 2640 Byzantium,
1103 2610 1119 2629 a
1134 2599 1282 2638 Philippo
1299 2600 1459 2628 obsessum
1474 2598 1598 2637 Olymp.

932 2644 1024 2679 CIX,
1042 2646 1073 2673 4.
1099 2644 1173 2678 ⁰248,
1189 2644 1239 2671 17.
1265 2647 1404 2670 servatur
1424 2641 1461 2669 ab
1487 2641 1599 2670 Athen.

931 2686 1028 2715 classe
1042 2686 1115 2715 illuc
1130 2685 1233 2720 missa,
1243 2689 1365 2713 auctore
1383 2683 1600 2713 Demosthene.

933 2731 1009 2763 252,
1025 2731 1055 2758 8.
1080 2727 1164 2757 illam
1176 2726 1365 2756 obsidionem
1379 2726 1519 2765 suscepit
1532 2725 1602 2755 Phi-

931 2771 1035 2810 lippus
1059 2771 1097 2799 ab
1125 2770 1244 2800 Euboea
1266 2769 1425 2808 depulsus.
1451 2771 1526 2803 254,
1549 2771 1600 2798 17.

933 2814 1042 2843 classis
1070 2813 1121 2842 illa
1153 2813 1257 2842 Attica
1284 2812 1460 2850 Byzantinis
1486 2811 1601 2841 auxilio

934 2856 1040 2891 missa,
1058 2855 1154 2884 CXX
1179 2855 1307 2884 navibus
1331 2855 1501 2884 constabat.
1527 2855 1606 2889 256,

934 2901 963 2927 1.
988 2899 1155 2937 imperante
1173 2898 1339 2927 Phocione.

895 2940 997 2981 Βωμὸς
1013 2941 1076 2976 Διὸς
1088 2939 1176 2981 Ὅςιόυ
1192 2941 1221 2971 in
1238 2941 1457 2971 Cherrhoneso.
1472 2941 1524 2976 86,
1542 2941 1590 2969 18.
